@article{hao2021parameterization,
  title={A parameterization of sub-grid topographical effects on solar radiation in the E3SM Land Model (version 1.0): implementation and evaluation over the Tibetan Plateau},
  author={Hao, Dalei and Bisht, Gautam and Gu, Yu and Lee, Wei-Liang and Liou, Kuo-Nan and Leung, L Ruby},
  journal={Geoscientific Model Development},
  volume={14},
  number={10},
  pages={6273--6289},
  year={2021},
  publisher={Copernicus GmbH}
}

@techreport{oleson2013clm45,
  author      = "Oleson, K. and Lawrence, D. and Bonan, G. and Drewniak, B. and Huang, M. and Koven, C. and Subin, Z. M. and Swenson, S. C.",
  title       = "Technical description of version 4.5 of the Community Land Model (CLM), NCAR Technical Note",
  institution = "National Center for Atmospheric Research (NCAR)",
  year        = "2013",
  type        = "",
  number      = "NCAR/TN-503+ STR",
  address     = "Boulder, CO, USA",
  month       = "",
  note        = "",
  annote      = "https://doi.org/10.5065/D6RR1W7M"
}

@article{lee2019impact,
  title={Impact of 3-D radiation-topography interactions on surface temperature and energy budget over the Tibetan Plateau in winter},
  author={Lee, Wei-Liang and Liou, Kuo-Nan and Wang, Chia-chi and Gu, Yu and Hsu, Huang-Hsiung and Li, Jui-Lin F},
  journal={Journal of Geophysical Research: Atmospheres},
  volume={124},
  number={3},
  pages={1537--1549},
  year={2019},
  publisher={Wiley Online Library}
}

@article{lee2011parameterization,
  title={Parameterization of solar fluxes over mountain surfaces for application to climate models},
  author={Lee, Wei-Liang and Liou, KN and Hall, Alex},
  journal={Journal of Geophysical Research: Atmospheres},
  volume={116},
  number={D1},
  year={2011},
  publisher={Wiley Online Library}
}

@article{zakvsek2011sky,
  title={Sky-view factor as a relief visualization technique},
  author={Zak{\v{s}}ek, Klemen and O{\v{s}}tir, Kristof and Kokalj, {\v{Z}}iga},
  journal={Remote sensing},
  volume={3},
  number={2},
  pages={398--415},
  year={2011},
  publisher={MDPI}
}

@article{dozier1990rapid,
  title={Rapid calculation of terrain parameters for radiation modeling from digital elevation data},
  author={Dozier, Jeff and Frew, James},
  journal={IEEE Transactions on geoscience and remote sensing},
  volume={28},
  number={5},
  pages={963--969},
  year={1990},
  publisher={IEEE}
}
