@article{hao2021parameterization,
  title={A parameterization of sub-grid topographical effects on solar radiation in the E3SM Land Model (version 1.0): implementation and evaluation over the Tibetan Plateau},
  author={Hao, Dalei and Bisht, Gautam and Gu, Yu and Lee, Wei-Liang and Liou, Kuo-Nan and Leung, L Ruby},
  journal={Geoscientific Model Development},
  volume={14},
  number={10},
  pages={6273--6289},
  year={2021},
  publisher={Copernicus GmbH},
  doi={https://doi.org/10.5194/gmd-14-6273-2021}
}

@techreport{oleson2013clm45,
  author      = "Oleson, K. and Lawrence, D. and Bonan, G. and Drewniak, B. and Huang, M. and Koven, C. and Subin, Z. M. and Swenson, S. C.",
  title       = "Technical description of version 4.5 of the Community Land Model (CLM), NCAR Technical Note",
  institution = "National Center for Atmospheric Research (NCAR)",
  year        = "2013",
  type        = "",
  number      = "NCAR/TN-503+ STR",
  address     = "Boulder, CO, USA",
  month       = "",
  note        = "",
  doi         = "https://doi.org/10.5065/D6RR1W7M"
}

@article{lee2011parameterization,
  title={Parameterization of solar fluxes over mountain surfaces for application to climate models},
  author={Lee, Wei-Liang and Liou, KN and Hall, Alex},
  journal={Journal of Geophysical Research: Atmospheres},
  volume={116},
  number={D1},
  year={2011},
  publisher={Wiley Online Library},
  doi={https://doi.org/10.1029/2010JD014722}
}

@article{zakvsek2011sky,
  title={Sky-view factor as a relief visualization technique},
  author={Zak{\v{s}}ek, Klemen and O{\v{s}}tir, Kristof and Kokalj, {\v{Z}}iga},
  journal={Remote sensing},
  volume={3},
  number={2},
  pages={398--415},
  year={2011},
  publisher={MDPI},
  doi={https://doi.org/10.3390/rs3020398}
}

@article{dozier1990rapid,
  title={Rapid calculation of terrain parameters for radiation modeling from digital elevation data},
  author={Dozier, Jeff and Frew, James},
  journal={IEEE Transactions on geoscience and remote sensing},
  volume={28},
  number={5},
  pages={963--969},
  year={1990},
  publisher={IEEE},
  doi={https://doi.org/10.1109/36.58986}
}

@article{sellers1985canopy,
  title={Canopy reflectance, photosynthesis and transpiration},
  author={Sellers, Piers J},
  journal={International journal of remote sensing},
  volume={6},
  number={8},
  pages={1335--1372},
  year={1985},
  publisher={Taylor \& Francis}
}

@incollection{dickinson1983land,
  title={Land surface processes and climateâ€”Surface albedos and energy balance},
  author={Dickinson, Robert E},
  booktitle={Advances in geophysics},
  volume={25},
  pages={305--353},
  year={1983},
  publisher={Elsevier}
}

@article{dai2004two,
  title={A two-big-leaf model for canopy temperature, photosynthesis, and stomatal conductance},
  author={Dai, Yongjiu and Dickinson, Robert E and Wang, Ying-Ping},
  journal={Journal of climate},
  volume={17},
  number={12},
  pages={2281--2299},
  year={2004}
}

@article{dang2019intercomparison,
  title={Intercomparison and improvement of two-stream shortwave radiative transfer schemes in Earth system models for a unified treatment of cryospheric surfaces},
  author={Dang, Cheng and Zender, Charles S and Flanner, Mark G},
  journal={The Cryosphere},
  volume={13},
  number={9},
  pages={2325--2343},
  year={2019},
  publisher={Copernicus Publications G{\"o}ttingen, Germany}
}

@article{ross1975radiative,
  title={Radiative transfer in plant communities.},
  author={Ross, Juhan},
  journal={Vegetation and the Atmosphere 1},
  volume={1},
  pages={13--55},
  year={1975},
  publisher={Academic Press}
}

@book{goudriaan1977crop,
  title={Crop micrometeorology: a simulation study},
  author={Goudriaan, Jan},
  year={1977},
  publisher={Wageningen University and Research}
}

@book{bonan2019climate,
  title={Climate change and terrestrial ecosystem modeling},
  author={Bonan, Gordon},
  year={2019},
  publisher={Cambridge University Press}
}


@article{thornton2002modeling,
  title={Modeling and measuring the effects of disturbance history and climate on carbon and water budgets in evergreen needleleaf forests},
  author={Thornton, Peter E and Law, Beverley E and Gholz, Henry L and Clark, Kenneth L and Falge, Eva and Ellsworth, David S and Goldstein, Allen H and Monson, Russell K and Hollinger, David and Falk, Michael and others},
  journal={Agricultural and forest meteorology},
  volume={113},
  number={1-4},
  pages={185--222},
  year={2002},
  doi={10.1016/S0168-1923(02)00108-9},
  publisher={Elsevier}
}

@article{thornton2005ecosystem,
  title={Ecosystem model spin-up: Estimating steady state conditions in a coupled terrestrial carbon and nitrogen cycle model},
  author={Thornton, Peter E and Rosenbloom, Nan A},
  journal={Ecological Modelling},
  volume={189},
  number={1-2},
  pages={25--48},
  year={2005},
  doi={10.1016/j.ecolmodel.2005.04.008},
  publisher={Elsevier}
}

@article{thornton2007improved,
  title={An improved canopy integration scheme for a land surface model with prognostic canopy structure},
  author={Thornton, Peter E and Zimmermann, Niklaus E},
  journal={Journal of Climate},
  volume={20},
  number={15},
  pages={3902--3923},
  doi={10.1175/JCLI4222.1},
  year={2007}
}


@article{thornton2007influence,
  title={Influence of carbon-nitrogen cycle coupling on land model response to CO2 fertilization and climate variability},
  author={Thornton, Peter E and Lamarque, Jean-Fran{\c{c}}ois and Rosenbloom, Nan A and Mahowald, Natalie M},
  journal={Global biogeochemical cycles},
  volume={21},
  number={4},
  year={2007},
  doi={10.1029/2006GB002868},
  publisher={Wiley Online Library}
}


@article{yang2014role,
  title={The role of phosphorus dynamics in tropical forests--a modeling study using CLM-CNP},
  author={Yang, X and Thornton, PE and Ricciuto, DM and Post, WM},
  journal={Biogeosciences},
  volume={11},
  number={6},
  pages={1667--1681},
  year={2014},
  doi={10.5194/bg-11-1667-2014},
  publisher={Copernicus GmbH}
}


@article{zhu2019representing,
  title={Representing nitrogen, phosphorus, and carbon interactions in the E3SM land model: Development and global benchmarking},
  author={Zhu, Qing and Riley, William J and Tang, Jinyun and Collier, Nathan and Hoffman, Forrest M and Yang, Xiaojuan and Bisht, Gautam},
  journal={Journal of Advances in Modeling Earth Systems},
  volume={11},
  number={7},
  pages={2238--2258},
  year={2019},
  doi={10.1029/2018MS001571},
  publisher={Wiley Online Library}
}


@article{ryan1991effects,
  title={Effects of climate change on plant respiration},
  author={Ryan, Michael G},
  journal={Ecological applications},
  volume={1},
  number={2},
  pages={157--167},
  year={1991},
  doi={10.2307/1941808},
  publisher={Wiley Online Library}
}

@article{lavigne1997growth,
  title={Growth and maintenance respiration rates of aspen, black spruce and jack pine stems at northern and southern BOREAS sites},
  author={Lavigne, MB and Ryan, MG},
  journal={Tree Physiology},
  volume={17},
  number={8-9},
  pages={543--551},
  year={1997},
  doi={10.1093/treephys/17.8-9.543},
  publisher={Heron Publishing}
}


@incollection{sprugel1995respiration,
  title={Respiration from the organ level to the stand},
  author={Sprugel, Douglas G and Ryan, Michael G and Brooks, J Ren{\'e}e and Vogt, Kristiina A and Martin, Timothy A},
  booktitle={Resource physiology of conifers},
  pages={255--299},
  year={1995},
  doi={10.1016/B978-0-08-092591-2.50013-3},
  publisher={Elsevier}
}

@book{larcher2003physiological,
  title={Physiological plant ecology: ecophysiology and stress physiology of functional groups},
  author={Larcher, Walter},
  year={2003},
  publisher={Springer Science \& Business Media}
}
