%=======================================================================
% SVN: $Id: master_list.bib 5 2005-12-12 17:41:05Z mvr $
%=======================================================================
%   ****************************************
%   * File: SAMPLE.BIB                     *
%   ****************************************
%   * An invented bib file                 *
%   * For the sample texts                 *
%   * The order is unimportant and there   *
%   * may be more entries than references  *
%   * in the text                          *
%   ****************************************
% 
% journal title abbreviation for this file (NOT the tex document)
@string{JGR = {J. Geophys. Res.}}
@string{JCT = {J. Comput. Phys.}}
@string{QJRMS = {Quart. J. Royal Met. Soc.}}
@string{GRL = {Geophys. Res. Lett.}}
@string{JAS = {J. Atmos. Sci.}}
@string{JAM = {J. Appl. Meteor.}}
@string{JPO = {J. Phys. Oceanogr.}}
@string{JCP = {J. Comp. Phys.}}
@string{AO = {Atmos. Ocean}}
@string{JC = {J. Climate}}
@string{MWR = {Mon. Wea. Rev.}}
@string{BAMS = {Bull. Amer. Meteor. Soc.}}
@string{BLM = {Boundary-Layer Meteorol.}}
@string{AG = {Ann. Glaciol.}}

@Article{lipshunke04,
  author =  "W. H. Lipscomb and E. C. Hunke",
  title =  "Modeling sea ice transport using incremental remapping", 
  journal =  MWR,
  year =         "2004",
  volume =  {132},
  pages =        {1341--1354}
}
@Manual{hunk03,
  author =  "E. C. Hunke and J. K. Dukowicz",
  title =  "The sea ice momentum equation in the free drift regime", 
  organization = "Los Alamos National Laboratory,Tech. Rep. LA-UR-03-2219",
  year =         "2003",
  pages =        {}
}
@Article{hunk97,
  author =  "E. C. Hunke and J. K. Dukowicz",
  title =  "An elastic-viscous-plastic model for sea ice dynamics", 
  journal =  JPO,
  year =         "1997",
  volume =  {27},
  pages =        {1849--1867}
}
@Article{bitz01,
  author =  "C. M. Bitz and M.M. Holland and M. Eby and A. J. Weaver",
  title =  "Simulating the ice-thickness distribution in a coupled climate model",
  journal =  JGR,
  year =  "2001",
  volume =  {106},
  pages =  {2441--2463}
}
@Article{lips01,
  author =  "W. H. Lipscomb ",
  title =  "Remapping the Thickness Distribution in Sea Ice Models",
  journal =  JGR,
  year   = "2001",
  volume =      {106},
  pages  =      {13,989--14,000}
}
@Manual{cice02,
  author =  "E. C. Hunke and W. H. Lipscomb",
  title  =       "CICE: the Los Alamos sea ice model, documentation and
                  software User's Manual",
  organization = "T-3 Fluid Dynamics Group, Los Alamos National Laboratory,
                  Tech. Rep. LACC-98-16 v.3",
  year =  "2002",
  pages =  {}
}
@Manual{cice04,
  author =  "E. C. Hunke and W. H. Lipscomb",
  title  =       "CICE: The Los Alamos Sea Ice Model, Documentation and
                  Software User's Manual",
  organization = "T-3 Fluid Dynamics Group, Los Alamos National Laboratory,
                  Tech. Rep. LA-CC-98-16 v.3.1.", 
  year =  "2004",
  pages =  {}
}
@Manual{cice08,
  author =  "E. C. Hunke and W. H. Lipscomb",
  title  =       "CICE: The Los Alamos Sea Ice Model. Documentation and
                  Software User's Manual. Version 4.0",
  organization = "T-3 Fluid Dynamics Group, Los Alamos National Laboratory,
                  Tech. Rep. LA-CC-06-012", 
  year =  "2008",
  pages =  {}
}
@Manual{Briegleb02,
  author =  "B. P. Briegleb and C. M. Bitz and E. C. Hunke and W. H.
                  Lipscomb and J. L. Schramm",
  title  =       "Description of the Community Climate System Model Version
                  2 Sea Ice Model",
  organization = "National Center for Atmospheric Research",
  note         = "http://www.ccsm.ucar.edu/models/ice-csim4",
  year =  "2002",
  pages =  {}
}
@Manual{Briegleb07,
  author =  "B. P. Briegleb and B. Light",
  title  =       "A Delta-Eddington Multiple Scattering Parameterization
                  for Solar Radiation in the Sea Ice Component of the
                  Community Climate System Model",
  organization = "NCAR Technical Note NCAR/TN-472+STR, National Center for
                  Atmospheric Research, Boulder, Colorado",
  year =  "2007",
  pages =  {}
}
@Manual{Schramm02,
  author =  "J. L. Schramm",
  title  =       "Community Sea Ice Model (CSIM) User's Guide Version 4.0",
  organization = "National Center for Atmospheric Research",
  note         = "http://www.ccsm.ucar.edu/models/ice-csim4",
  year =  "2002",
  pages =  {}
}
@Article{hunk01,
  author =  "E. C. Hunke",
  title =  "Viscous-plastic sea ice dynamics with the EVP model:
                  Linearization issues", 
  journal =  JCP,
  year =         "2001",
  volume =  {170},
  pages =        {18--38}
}
@Article{roth75b,
  author =  "Drew A. Rothrock",
  title =  "The energetics of the plastic deformation of pack ice by ridging",
  journal =  JGR,
  year =  "1975",
  volume =  "80",
  pages =  "4514--4519"
}
@Article{all93,
  author =       "I. Allison and R. E. Brant and S. G. Warren",
  title =        "East Antarctic sea ice: albedo, thickness distribution,
                  and snow cover",
  journal =      JGR,
  year =         "1993",
  volume =       "98",
  pages =        "12417--12429"
}
@Article{arbetter99,
  author =       "T. E. Arbetter and J. A. Curry and J. A. Maslanik",
  title =        "Effects of rheology and ice thickness distribution in
                  a dynamic-thermodynamic sea ice model",
  journal =      JPO,
  year =         "1999",
  volume =       "29",
  pages =        "2656--2670"
}
@Manual{bettge96,
  author =       "Thomas W. Bettge and John W. Weatherly and Warren
                  M. Washington and David Pollard and Bruce
                  P. Briegleb and Warren G. {Strand Jr.}",
  title =        "The {NCAR CSM} Sea Ice Model",
  organization = "pp. 25, {NCAR} Technical Note, TN-425+STR",
  year =         "1996",
  pages =        "25 pp"
}
@Manual{bitzdoc00,
  author =       "C. M. Bitz",
  title =        "Documentation of a Lagrangian sea ice thickness distribution
                  model with energy-conserving thermodyanmics",
  organization = "U. of Washington  APL-UW TM 4-99",
  year =         "2000",
  pages =        {}
}
@Article{bitz99,
  author =       "C. M. Bitz and W. H. Lipscomb",
  title =        "An energy-conserving thermodynamic model of sea ice",
  journal =      JGR,
  year =         "1999",
  volume =       "104",
  pages =        "15,669--15,677"
}
@Article{bovgent98,
  author =       "B. A. Boville and P. R. Gent",
  title =        "The {NCAR} Climate System Model, Version One",
  journal =      JC,
  year   =      "1998",
  volume =      "11",
  pages  =      "1115--1130"
}
@Manual{BriegRef02,
  author =       "B. P. Briegleb",
  title  =       "CSIM Code Reference Manual",
  organization = "National Center for Atmospheric Research",
  note         = "http://www.ccsm.ucar.edu/models/ice-csim4",
  year =         "2002",
  pages =        {}
}
@article{curry95,
  author =       "J. A. Curry and J.L. Schramm and E.E. Ebert",
  title =        "Sea ice-albedo climate feedback mechanism",
  year =         {1995},
  journal =      JC,
  VOLUME = {8},
  PAGES = {240--247}
}                
@Article{curry00,
  author =       "J. A. Curry and J. L. Schramm and D. K. Perovich and
                  J. O. Pinto",
  title =        "Applications of SHEBA/FIRE data to evaluation of snow/ice
                  albedo parameterizations",
  journal =      JGR,
  year   =      "2001",
  volume =      {106},
  pages  =      {15,345--15,355}
}
@Article{dukb00,
  author =       "J. K. Dukowicz and J. R. Baumgardner",
  title =        "Incremental remapping as a transport/advection algorithm",
  journal =      JCP,
  year =         "2000",
  volume =       {160},
  pages =        {318--335}
}
@article{eber93,
  author =       "E. E. Ebert and J. A. Curry",
  title =        "An intermediate one-dimensional thermodynamic sea
                  ice model for investigating ice-atmosphere interactions",
  year =         {1993},
  journal =      JGR,
  VOLUME = {98},
  PAGES = {10085--10109}
}
@Article{flat92,
  author =       "Gregory M. Flato and William D. Hibler",
  title =        "Modeling Pack Ice as a Cavitating Fluid",
  journal =     "J. Phys. Oceanogr.",
  year =         "1992",
  volume =       "22",
  pages =        "626--651"
}
@Article{flat95,
  author =       "Gregory M. Flato and William D. Hibler",
  title =        "Ridging and strength in modelling the thickness
                  distribution of {Arctic} sea ice",
  journal =     JGR,
  year =         "1995",
  volume =       "100",
  pages =        "18611--18626"
}
@Article{grenf94,
  author =       "T. C. Grenfell and S. G. Warren and P. C. Mullen",
  title =        "Reflection of solar radiation by the Antarctic snow
                  surface at ultraviolet, visible, and near-infrared
                  wavelengths",
  journal =      JGR,
  year   =      "1994",
  volume =      "99",
  pages  =      "18669--18684"
}
@Article{hibl79,
  author =       "William D. Hibler",
  title =        "A dynamic thermodynamic sea ice model",
  journal =     "J. Phys. Oceanogr.",
  year =         "1979",
  volume =       "9",
  pages =        "815--846"
}
@Article{hibl80,
  author =       "William D. Hibler",
  title =        "Modeling a variable thickness ice cover",
  journal =      MWR,
  year =         "1980",
  volume =       "108",
  pages =        "1943--1973"
}
@Article{hogstrom88,
  author =       "U. Hogstrom",
  title =        "Non-dimensional wind and temperature profiles in the atmospheric
                  surface layer: a re-evaluation",
  journal =      BLM,
  year =         "1988",
  volume =       "42",
  pages =        "55--78"
}
@Article{hopk91,
  author =       "M. A. Hopkins and W. D. Hibler",
  title =        "On the ridging of a thin sheet of lead ice",
  journal =      AG,
  year =         "1991",
  volume =       "15",
  pages =        "81--86"
}
@Article{hunk99,
  author =       "E. C. Hunke and Y. Zhang",
  title =        "A comparison of sea ice dynamics models at high resolution",
  journal =      MWR,
  year =         "1999",
  volume =       "127",
  pages =        "396--408"
}
@Article{hunkduk02,
   author =       "E. C. Hunke and J. K. Dukowicz",
   title =        {The elastic-viscous-plastic sea ice dynamics model in
                   general orthogonal curvilinear coordinates on a
                   sphere--Effect of metric terms},
   journal =      MWR,
   year =         "2002",
   volume =       {130},
   pages =        {1848--1865}
}
@Article{krey00,
  author =       "M. Kreyscher and M.Harder and P.Lemke and G.M.Flato",
  title =        "Results of the Sea Ice Model Intercomparison Project:
                  evaluation of sea ice rheology schemes for use in
                  climate simulation",
  journal =      JGR,
  year   =      "2000",
  volume =      "105",
  pages  =      "11299--11320"
}
@InCollection{large98,
  author =       "W. G. Large",
  title =        "Ocean Modeling and Parameterization",
  booktitle =    "Modeling and parameterizing the ocean planetary boundary
                  layer",
  editor    =    "E.P.Chassignet and J.Verron (eds.)",
  publisher =    "Kluwer Academic Publishers",
  note      =    "Printed in the Netherlands",
  year =         "1998",
  pages =        "81--120"
}
@ARTICLE{mayk71,
        AUTHOR = {G. A. Maykut and N. Untersteiner},
        TITLE = {Some Results from a Time-dependent Thermodynamic
                  Model of Sea Ice},
        YEAR = {1971},
        JOURNAL = JGR,
        VOLUME = {76},
        PAGES = {1550--1575}
}
@ARTICLE{mayk87,
        AUTHOR = {G. A. Maykut and D.K. Perovich},
        TITLE = {The role of shortwave radiation in the summer decay
                  of a sea ice cover},
        YEAR = {1987},
        JOURNAL = JGR,
        VOLUME = {92},
        PAGES = {7032--7044}
}
@ARTICLE{mcph92,
        AUTHOR = {Miles G. McPhee},
        TITLE = {Turbulent heat flux in the upper ocean under sea ice},
        YEAR = {1992},
        JOURNAL = JGR,
        VOLUME = {97},
        PAGES = {5365--5379}
}
@Manual{flxcpl96,
  author = "F. O. Bryan and B. G. Kauffman and W. G. Large and P. R. Gent",
  title  =       "The NCAR CSM Flux Coupler",
  organization = "NCAR Technical Note NCAR/TN-424+STR, National Center for
                  Atmospheric Research, Boulder, Colorado",
  year =         "1996",
  pages =        {}
}
@InCollection{ono67,
  author = "N. Ono",
  title  =  "Specific heat and heat of fusion of sea ice",
  booktitle = {Physics of Snow and Ice},
  editor = {H. Oura},
  publisher =    {Institute of Low Temperature Science, Hokkaido, Japan},
  year =         "1967",
  volume =       "I",
  pages =        "599--610"
}
@Article{paulsimp77,
  author =       "C. A. Paulson and J. J. Simpson",
  title =        "Irradiance measurements in the upper ocean",
  journal =      JPO,
  year =         "1977",
  volume =       "7",
  pages =        "952--956"
}
@Article{roth84,
  author =       "Drew A. Rothrock and Alan S. Thorndike",
  title =        "Measuring the sea ice floe size distribution",
  journal =      JGR,
  year =         "1984",
  volume =       "89",
  pages =        "6477--6486"
}
@ARTICLE{semt76,
        AUTHOR = {A. J. Semtner},
        TITLE = {A Model for the Thermodynamic Growth of Sea Ice in
                  Numerical Investigations of Climate},
        YEAR = {1976},
        JOURNAL = JPO,
        VOLUME = {6},
        PAGES = {379--389}
}
@Article{smol83,
  author =       "P. K. Smolarkiewicz",
  title =        "A simple positive definite advection scheme with small
                  implicit diffusion",
  journal =      MWR,
  year   =      "1983",
  volume =      "111",
  pages  =      "479--486"
}
@Article{smol84,
  author =       "P. K. Smolarkiewicz",
  title =        "A fully multidimensional positive definite advection
                  scheme with small implicit diffusion",
  journal =      JCT,
  year   =      "1984",
  volume =      "54",
  pages  =      "325--362"
}
@ARTICLE{stern95,
        AUTHOR = {H. L. Stern and D. A. Rothrock and R. Kwok},
        TITLE = {Open water production in {Arctic} sea
                ice: satellite measurements and model parameterizations},
        YEAR = {1995},
        JOURNAL = JGR,
        VOLUME = {100},
        PAGES = {20,601--20,612}
}
@Article{thor75,
  author =       "Alan S. Thorndike and Drew. S. Rothrock and Gary
                  A. Maykut and Roger Colony",
  title =        "The thickness distribution of sea ice",
  journal =      JGR,
  year =         "1975",
  volume =       "80",
  pages =        "4501--4513"
}
@Article{unter61,
  author =       "Norbert Untersteiner",
  title =        "On the mass and heat budget of {Arctic} sea ice",
  journal =      "Arch. Meteorol. Geophys. Bioklimatol., A",
  year =         "1961",
  volume =       "12",
  pages =        "151--182"
}
@Article{weat98,
  author =       "John W. Weatherly and Bruce
                  P. Briegleb and William G. Large and James A. Maslanik",
  title =        "Sea ice and polar climate in the {NCAR CSM}",
  journal =      JC,
  year =         "1998",
  volume =       "11",
  pages =        "1472--1486"
}
