@article{hao2021parameterization,
  title={A parameterization of sub-grid topographical effects on solar radiation in the E3SM Land Model (version 1.0): implementation and evaluation over the Tibetan Plateau},
  author={Hao, Dalei and Bisht, Gautam and Gu, Yu and Lee, Wei-Liang and Liou, Kuo-Nan and Leung, L Ruby},
  journal={Geoscientific Model Development},
  volume={14},
  number={10},
  pages={6273--6289},
  year={2021},
  publisher={Copernicus GmbH},
  doi={https://doi.org/10.5194/gmd-14-6273-2021}
}

@techreport{oleson2013clm45,
  author      = "Oleson, K. and Lawrence, D. and Bonan, G. and Drewniak, B. and Huang, M. and Koven, C. and Subin, Z. M. and Swenson, S. C.",
  title       = "Technical description of version 4.5 of the Community Land Model (CLM), NCAR Technical Note",
  institution = "National Center for Atmospheric Research (NCAR)",
  year        = "2013",
  type        = "",
  number      = "NCAR/TN-503+ STR",
  address     = "Boulder, CO, USA",
  month       = "",
  note        = "",
  doi         = "https://doi.org/10.5065/D6RR1W7M"
}

@article{lee2011parameterization,
  title={Parameterization of solar fluxes over mountain surfaces for application to climate models},
  author={Lee, Wei-Liang and Liou, KN and Hall, Alex},
  journal={Journal of Geophysical Research: Atmospheres},
  volume={116},
  number={D1},
  year={2011},
  publisher={Wiley Online Library},
  doi={https://doi.org/10.1029/2010JD014722}
}

@article{zakvsek2011sky,
  title={Sky-view factor as a relief visualization technique},
  author={Zak{\v{s}}ek, Klemen and O{\v{s}}tir, Kristof and Kokalj, {\v{Z}}iga},
  journal={Remote sensing},
  volume={3},
  number={2},
  pages={398--415},
  year={2011},
  publisher={MDPI},
  doi={https://doi.org/10.3390/rs3020398}
}

@article{dozier1990rapid,
  title={Rapid calculation of terrain parameters for radiation modeling from digital elevation data},
  author={Dozier, Jeff and Frew, James},
  journal={IEEE Transactions on geoscience and remote sensing},
  volume={28},
  number={5},
  pages={963--969},
  year={1990},
  publisher={IEEE},
  doi={https://doi.org/10.1109/36.58986}
}

@article{sellers1985canopy,
  title={Canopy reflectance, photosynthesis and transpiration},
  author={Sellers, Piers J},
  journal={International journal of remote sensing},
  volume={6},
  number={8},
  pages={1335--1372},
  year={1985},
  publisher={Taylor \& Francis}
}

@incollection{dickinson1983land,
  title={Land surface processes and climateâ€”Surface albedos and energy balance},
  author={Dickinson, Robert E},
  booktitle={Advances in geophysics},
  volume={25},
  pages={305--353},
  year={1983},
  publisher={Elsevier}
}

@article{dai2004two,
  title={A two-big-leaf model for canopy temperature, photosynthesis, and stomatal conductance},
  author={Dai, Yongjiu and Dickinson, Robert E and Wang, Ying-Ping},
  journal={Journal of climate},
  volume={17},
  number={12},
  pages={2281--2299},
  year={2004}
}

@article{dang2019intercomparison,
  title={Intercomparison and improvement of two-stream shortwave radiative transfer schemes in Earth system models for a unified treatment of cryospheric surfaces},
  author={Dang, Cheng and Zender, Charles S and Flanner, Mark G},
  journal={The Cryosphere},
  volume={13},
  number={9},
  pages={2325--2343},
  year={2019},
  publisher={Copernicus Publications G{\"o}ttingen, Germany}
}

@article{ross1975radiative,
  title={Radiative transfer in plant communities.},
  author={Ross, Juhan},
  journal={Vegetation and the Atmosphere 1},
  volume={1},
  pages={13--55},
  year={1975},
  publisher={Academic Press}
}

@book{goudriaan1977crop,
  title={Crop micrometeorology: a simulation study},
  author={Goudriaan, Jan},
  year={1977},
  publisher={Wageningen University and Research}
}

