
@incollection{chassignet_primer_2018,
	title = {A {Primer} on {Global} {Internal} {Tide} and {Internal} {Gravity} {Wave} {Continuum} {Modeling} in {HYCOM} and {MITgcm}},
	isbn = {978-1-72054-997-0},
	url = {http://purl.flvc.org/fsu/fd/FSU_libsubv1_scholarship_submission_1536242074_55feafcc},
	language = {en},
	urldate = {2018-10-23},
	booktitle = {New {Frontiers} in {Operational} {Oceanography}},
	publisher = {GODAE OceanView},
	author = {Arbic, Brian K. and Alford, Matthew H. and Ansong, Joseph K. and Buijsman, Maarten C. and Ciotti, Robert B. and Farrar, J. Thomas and Hallberg, Robert W. and Henze, Christopher E. and Hill, Christopher N. and Luecke, Conrad A. and Menemenlis, Dimitris and Metzger, E. Joseph and Müeller, Malte and Nelson, Arin D. and Nelson, Bron C. and Ngodock, Hans E. and Ponte, Rui M. and Richman, James G. and Savage, Anna C. and Scott, Robert B. and Shriver, Jay F. and Simmons, Harper L. and Souopgui, Innocent and Timko, Patrick G. and Wallcraft, Alan J. and Zamudio, Luis and Zhao, Zhongxiang},
	editor = {Chassignet, Eric P. and Pascual, Ananda and Tintoré, Joaquin and Verron, Jacques},
	month = aug,
	year = {2018},
	doi = {10.17125/gov2018.ch13},
	file = {Arbic et al. - 2018 - A Primer on Global Internal Tide and Internal Grav.pdf:/Users/pwolfram/Zotero/storage/TEDRP9CP/Arbic et al. - 2018 - A Primer on Global Internal Tide and Internal Grav.pdf:application/pdf}
}

@article{Luettich1992ADCIRC,
    author={Luettich, R.A. and Westerink, J.J. and Scheffner, N.W.},
	title = {{ADCIRC}: {An} {Advanced} {Three}-{Dimensional} {Circulation} {Model} for {Shelves}, {Coasts}, and {Estuaries}. {Report} 1. {Theory} and {Methodology} of {ADCIRC-2DDI} and {ADCIRC-3DL}.},
	language = {en},
	pages = {143},
	year={1992}
}

@article{arbic2004accuracy,
  title={The accuracy of surface elevations in forward global barotropic and baroclinic tide models},
  author={Arbic, Brian K and Garner, Stephen T and Hallberg, Robert W and Simmons, Harper L},
  journal={Deep Sea Research Part II: Topical Studies in Oceanography},
  volume={51},
  number={25-26},
  pages={3069--3101},
  year={2004},
  publisher={Elsevier}
}
