This file was created with JabRef 1.7.1.
Encoding: ISO8859_1

@BOOK{Benn1998,
  title = {Glaciers \& Glaciation},
  publisher = {Arnold},
  year = {1998},
  author = {D. I. Benn and D. J. Evans},
  address = {London},
  keywords = {glac},
}

@ARTICLE{Boulton1996,
  author = {G. S. Boulton},
  title = {The origin of till sequences by
	 subglacial sediment deformation beneath mid--latitude ice sheets},
  journal = {Annals of Glaciology},
  year = {1996},
  volume = {22},
  pages = {75-84},
  keywords = {erosion},
}

@ARTICLE{Boulton1987,
  author = {Boulton, G. S. and Hindmarsh, C. A.},
  title = {Sediment deformation beneath glaciers: {R}heology and geological consequences},
  journal = {Journal of Geophysical Research},
  year = {1987},
  volume = {92},
  pages = {9059-9082},
  number = {B9},
  keywords = {erosion},
  owner = {mhagdorn},
}

@ARTICLE{Celia1990,
  author = {Celia, M. A. and Russell, T. F. and Herrera, I. and Ewing, R. E.},
  title = {An {Eulerian--Lagrangian} localized adjoint method for the advection--diffusion equation},
  journal = {Advances in Water Resources},
  year = {1990},
  volume = {13},
  pages = {187-206},
  number = {4},
  keywords = {transport},
  owner = {mhagdorn},
}

@ARTICLE{Clarke1987,
  author = {Clarke, G. K. C},
  title = {Subglacial till: a physical framework for its properties and processes},
  journal = {Journal of Geophysical Research},
  year = {1987},
  volume = {92},
  pages = {9023-9036},
  number = {B9},
  keywords = {erosion},
  owner = {mhagdorn},
}

@ARTICLE{Boulton1996a,
  author = {G. S. Boulton},
  title = {Theory of glacial erosion, transport
	 and deposition as a consequence of subglacial sediment deformation},
  journal = {Journal of Glaciology},
  year = {1996},
  volume = {42},
  pages = {43-62},
  keywords = {erosion},
}

@Article{Decyk1997,
  author = 	 {V. Decyk and C. Norton and B. K. Szymanski},
  title = 	 {How to express {C}++ concepts in {Fortran} 90},
  journal = 	 {Scientific Programming},
  year = 	 {1997},
  volume = 	 {6},
  number = 	 {4},
  pages = 	 {363--390},
}


@PhdThesis{Hagdorn2003,
  author = 	 {M. K. M. Hagdorn},
  title = 	 {Reconstruction of the Past and Forecast of the Future European and British Ice Sheets and Associated Sea Level Change},
  school = 	 {University of Edinburgh},
  year = 	 {2003},
  key = 	 {Numerics},
}

@ARTICLE{Hildes2004,
  author = {Hildes, D. H. D. and Clarke, G. K. C. and Flowers, G. E. and Marshall, S. J.},
  title = {Subglacial erosion and
	 englacial sediment transport modelled for {North American} ice sheets},
  journal = {Quaternary Science Reviews},
  year = {2004},
  volume = {23},
  pages = {409-430},
  keywords = {erosion},
  owner = {mhagdorn},
}

@BOOK{Holton1992,
  title = {An Introduction to Dynamic Meteorology},
  publisher = {Academic Press},
  year = {1992},
  author = {J. R. Holton},
  volume = {48},
  series = {International Geophysics Series},
  address = {New York},
  edition = {3rd},
  key = {math},
}

@BOOK{Hutter1983,
  title = {Theoretical Glaciology},
  publisher = {D. Reidel Publishing Company},
  year = {1983},
  author = {K. Hutter},
  series = {Mathematical Approaches to Geophysics},
  address = {Dordrecht, Boston, Lancaster},
  key = {glac},
}

@TECHREPORT{Huybrechts1986,
  author = {P. Huybrechts},
  title = {A Three--Dimensional Time--dependent Numerical Model for Polar Ice Sheets; some
	 basic testing with a stable and efficient finite difference scheme},
  institution = {Geografisch Instituut, Vrije Universiteit Brussel},
  year = {1986},
  address = {Belgium},
  key = {ism},
}

@Article{Lambeck1980,
  author =  {K. Lambeck and S. M. Nakiboglu},
  title =  {Seamount loading and stress in the ocean lithosphere},
  journal =  {Journal of Geophysical Research},
  year =  {1980},
  volume =  {85},
  pages =  {6403--6418},
}

@ARTICLE{Manson2000,
  author = {J. R. Manson and S. G. Wallis},
  title = {A conservative, semi--{Lagrangian} fate and
	 transport model for fluvial systems --- 1. {Theoretical} development},
  journal = {Water Research},
  year = {2000},
  volume = {34},
  pages = {3769-3777},
  number = {15},
  keywords = {transport},
}

@ARTICLE{Manson1999,
  author = {J. R. Manson and S. G. Wallis},
  title = {Conservative semi--{Lagrangian} algorithm for pollutant transport in rivers},
  journal = {Journal of Environmental Engineering},
  year = {1999},
  volume = {125},
  pages = {486-489},
  number = {5},
  keywords = {transport},
}

@ARTICLE{Manson2000a,
  author = {J. R. Manson and S. G. Wallis and D. Wang},
  title = {A conservative, semi--{Lagrangian} fate and transport model for
	 fluvial systems --- 2. {Numerical} testing and practical applications},
  journal = {Water Research},
  year = {2000},
  volume = {34},
  pages = {3778-3785},
  number = {15},
  keywords = {transport},
}

@Book{Metcalf1999,
  author = 	 {M. Metcalf and J. Reid},
  title = 	 {Fortran 90/95 explained},
  publisher = 	 {Oxford University Press},
  year = 	 {1999},
  address = 	 {Oxford},
  edition = 	 {2nd},
}

@BOOK{O'Rourke1998,
  title = {Computational geometry in C},
  publisher = {Cambridge University Press},
  year = {1998},
  author = {O'Rourke, J.},
  address = {Cambridge},
  edition = {2nd},
  keywords = {numerics},
  owner = {mhagdorn},
}

@BOOK{Paterson1994,
  title = {The Physics of Glaciers},
  publisher = {Butterworth--Heinemann},
  year = {1994},
  author = {W. S. B. Paterson},
  address = {Oxford},
  edition = {3rd},
  key = {glaciology},
}

@ARTICLE{Payne1999,
  author = {A. J. Payne},
  title = {A thermomechanical model of ice flow in {W}est {A}ntarctica},
  journal = {Climate Dynamics},
  year = {1999},
  volume = {15},
  pages = {115-125},
  key = {ism},
}

@ARTICLE{Payne1997,
  author = {A. J. Payne and P. W. Dongelmans},
  title = {Self--organisation in the thermomechanical flow of ice sheets},
  journal = {Journal of Geophysical Research},
  year = {1997},
  volume = {102},
  pages = {12219-12233},
  number = {B6},
  key = {ism},
}

@ARTICLE{Peltier2000,
  author = {W. R. Peltier and D. L. Goldsby and D. L. Kohlstedt and L. Tarasov},
  title = {Ice--age ice--sheet rheology: constraints from
	 the {L}ast {G}lacial {M}aximum form of the {L}aurentide ice sheet},
  journal = {Annals of Glaciology},
  year = {2000},
  volume = {30},
  pages = {163-176},
  key = {ism},
}

@ARTICLE{Prather1986,
  author = {Prather, M. J.},
  title = {Numerical advection by conservation of second--order moments},
  journal = {Journal of Geophysical Research},
  year = {1986},
  volume = {91},
  pages = {6671-6681},
  number = {D6},
  keywords = {transport},
  owner = {mhagdorn},
}

@BOOK{Press1992,
  title = {Numerical Recipes in FORTRAN},
  publisher = {Cambridge University Press},
  year = {1992},
  author = {W.H. Press and S.A. Teukolsky and W.T. Vetterling and B.P. Flannery},
  edition = {2nd},
  category = {Numerics},
  keywords = {numerics},
}

@INPROCEEDINGS{Ritz1987,
  author = {C. Ritz},
  title = {Time dependent boundary conditions for calculation of temperature fields in ice sheets},
  booktitle = {The Physical Basis of Ice Sheet Modelling},
  year = {1987},
  number = {170},
  series = {IAHS Publications},
  pages = {207-216},
  keywords = {ism},
}

@ARTICLE{Staniforth1991,
  author = {Staniforth, A. and C\^ot\'e, J.},
  title = {Semi--{L}agrangian integration schemes for atmospheric models --- a review},
  journal = {Monthly Weather Report},
  year = {1991},
  volume = {119},
  pages = {2206-2223},
  keywords = {transport},
  owner = {mhagdorn},
}

@ARTICLE{Tarasov2000,
  author = {L. Tarasov and W. R. Peltier},
  title = {Laurentide ice sheet aspect ratio in models based on {G}len's flow law},
  journal = {Annals of Glaciology},
  year = {2000},
  volume = {30},
  pages = {177-186},
  key = {ism},
}

@ARTICLE{Tarasov1999,
  author = {L. Tarasov and W. R. Peltier},
  title = {Impact of thermomechanical ice sheet coupling on a model of the 100kyr ice age cycle},
  journal = {Journal of Geophysical Research},
  year = {1999},
  volume = {104},
  pages = {9517-9545},
  number = {D8},
  key = {ism},
}

@TECHREPORT{Tushingham1993,
  author = {A. M. Tushingham and W. R. Peltier},
  title = {Relative Sea Level Database. {IGBP
	 PAGES/World} {D}ata {C}enter-{A} for Paleoclimatology Data Contribution},
  institution = {NOAA/NGDC Paleoclimatology Program},
  year = {1993},
  number = {93-016},
  address = {Boulder CO, USA},
  keywords = {data},
}

@article{2004JF000202,
	author = {Frank Pattyn},
	title = {Assessing the ability of numerical ice sheet models to simulate grounding line migration},
	year = {2005},
	doi = {10.1029/2004JF000202}
}
@article{Pattyn2006JGR,
	author = {Frank Pattyn},
	title = {Role of transition zones in marine ice sheet dynamics},
	year = {2006},
	doi = {10.1029/2005JF000394}
}
@Book{Gershenfeld:1999,
  author   	= {Gershenfeld, N.},
  title    	= {The Nature of Mathematical Modeling},
  year   	= {1999},
  publisher   	= {Cambridge University Press}
}
@Book{Demkowicz:2007,
	author = {L. Demkowicz and J. Kurtz and D. Pardo and W. Rachowicz and M. Paszynski and A. Zdunek},
	title = {Computing with Hp-Adaptive Finite Elements},
	booktitle = {Three Dimensional Elliptic and Maxwell Problharems with Applications},
	publisher = {Chapman and Hall, CRC Press},
	year = 2007
}
@misc{glimmerdoc,
	author = {M. Hagdorn and I. Rutt and N. R. Hulton and A. J. Payne},
	title = {The 'Glimmer' community ice sheet model},
	journal = {Journal of Geophysical Research},
	year = {2008},
	doi = {10.1029/}
}
@Article{Huybrechts:1996,
  author   	= {P. Huybrechts and T. Payne and {The EISMINT Intercomparison Group}},
  title    	= {The {EISMINT} Benchmarks for Testing Ice--Sheet Models},
  volume   	= {23},
  year   	= {1996},
  pages   	= {1--12},
  journal   	= {Ann. Glaciol.},
  
}

@Book{Huybrechts:1998,
  author   	= {P. Huybrechts and A. Abe-Ouchi and I. Marsiat and F. Pattyn and T. Payne and C. Ritz and V. Rommelaere},
  title    	= {Report of the Third {EISMINT} Workshop on Model Intercomparison},
  year   	= {1998},
  pages   	= {140},
  publisher   	= {European Science Foundation (Strasbourg)},
  
}

@misc{phamldoc,
	author = {William F. Mitchell},
	title = {PHAML User's Guide},
	journal = {NISTIR 7374},
	year = {2010}
}
@article{mitchell:hp,
	author = {William F. Mitchell, Majorie A. MClain},
	title = {A Survey of hp-Adaptive Strategies for Elliptic Partial Differential Equations},
	journal = {Annals of the European Academy of Sciences},
	number = {preprint},
	year = {2010}
}

@article{mitchell:2d,
	author = {William F. Mitchell},
	title = {A Collection of 2D Elliptic Problems for Testing Adaptive Algorithms},
	journal = {NISTIR 7668},
	year = {2010}
}
@article{bueler:2007,
	author = {Ed Bueler},
	title = {Exact solutions to the thermomechanically coupled shallow-ice approximation: effective tools for verification},
	journal = {Journal of Glaciology},
	year = {2007}
}
@article{bueler:2005,
	author = {Ed Bueler},
	title = {Exact solutions and verification of numberical models for isothermal ice sheets},
	year = {2005}
}
@article{Bergetal2006b,
	author = {Van Den Berg},
	title = {Effects of spatial discretization in ice-sheet modelling using the shallow-ice approximation},
	journal = {Journal of Glaciology},
	volume = {52},
	number = {176},
	pages = {89},
	year = {2006}
}
@article{a46a079,
	author = {Fuyuki},
	title = {An imporoved numerical scheme to compute horizontal gradients at the ice-sheet margin: its effect on the simulated ice thickness and temperature},
	journal = {Annals of Glaciology},
	number = {46},
	pages = {87},
	year = {2007}
}
@article{mismip4,
	author = {Schoof Pattyn Hindmarsh},
	title = {MISMIP: Marine ice sheet model intercomparison project},
	year = {2008},
	doi = {10.1029/2004GL022024.}
}

@Article{Pattyn:2003,
  author   	= {F. Pattyn},
  title    	= {A new three-dimensional higher-order thermomechanical ice-sheet model: basic
      	 sensitivity, ice-stream development and ice flow across subglacial lakes},
  volume   	= {108},
  year   	= {2003},
  doi   	= {10.1029/2002JB002329},
  pages   	= {2382},
  journal   	= {Journal of Geophysical Research (Solid Earth)},
  number   	= {B8},
  
}
@Article{Pollard:2009,
  author   	= {David Pollard and Robert M. DeConto},
  title    	= {Modelling West Antarctic ice sheet growth and collapse through the past five million years},
  volume   	= {458},
  year   	= {2009},
  pages   	= {229-232},
  journal   	= {Nature},
  doi   	= {10.1038/nature07809},
  
}

@Article{Bocek:2009,
  author   	= {Tim Bocek},
  title    	= {Integration of Higher-Order Physics in the Community Ice Sheet Model: Scientific and Software Concerns},
  year   	= {2009},
  pages   	= {59-70},
  journal   	= {Unpublished}
}

@incollection{shewchuk96b,
	author = {Jonathan Richard Shewchuk},
	title = {Triangle:  {E}ngineering a {2D} {Q}uality {M}esh {G}enerator and
  		{D}elaunay {T}riangulator},
	booktitle = {Applied Computational Geometry:  Towards Geometric Engineering},
	editor = {Ming C. Lin and Dinesh Manocha},
	series = {Lecture Notes in Computer Science},
	volume = 1148,
	publisher = {Springer-Verlag},
	pages = {203--222},
	month = may,
	year = 1996,
	note = {From the First ACM Workshop on Applied Computational Geometry}
}

@article{shewchuk97a,
	author = {Jonathan Richard Shewchuk},
	title = {Adaptive {P}recision {F}loating-{P}oint {A}rithmetic and {F}ast
	  {R}obust {G}eometric {P}redicates},
	journal = {Discrete \& Computational Geometry},
	volume = 18,
	number = 3,
	pages = {305--363},
	month = oct,
	year = 1997
}


@Misc{NetCDF:website,
  author	= {Unidata},
  title	= {Unidata},
  month	= {Accessed May},
  year	= {2010},
  url	= {http://www.unidata.ucar.edu/software/netcdf/}
}

@Misc{PHAML:website,
  author	= {William Mitchell},
  title	= {PHAML},
  month	= {Accessed May},
  year	= {2010},
  url   = {http://math.nist.gov/phaml/}
}

@Misc{Triangle:website,
  author	= {Jonathan Richard Shewchuk},
  title	= {Triangle},
  month	= {Accessed May},
  year	= {2010},
  url   = {http://www.cs.cmu.edu/~quake/triangle.html}
}

@Misc{cism:website,
  author	= {CISM Community},
  title	= {Glimmer, the Community Ice Sheet Model},
  month	= {Accessed May},
  year	= {2010},
  url   = {http://glimmer-cism.berlios.de/}
}

@Misc{cismwiki:website,
  author	= {CISM Community Wiki},
  title	= {Development of a Community Ice Sheet Model},
  month	= {Accessed May},
  year	= {2010},
  url   = {http://websrv.cs.umt.edu/isis/index.php/Main_Page}
}

@Misc{doxygen:website,
  author	= {Dimitri},
  title	= {Doxygen},
  month	= {Accessed May},
  year	= {2010},
  url   = {http://www.stack.nl/~dimitri/doxygen/index.html}
}

@Article{Pfeffer:2008,
    author = {Pfeffer, W T and Harper, J T and Neel, S},
    title = {Kinematic constraints on glacier contributions to 21st-century sea-level rise.},
    journal = {Science},
    volume = {321},
    year = {2008},
    number = {5894},
    pages = {1340-3},
    url = {http://www.biomedsearch.com/nih/Kinematic-constraints-glacier-contributions-to/18772435.html},
    PubMedID = {18772435},
ISSN = {1095-9203}
}

@article{McGranahan:2007,
	author = {McGranahan, G and Balk, D and Anderson, B},
	title = {The rising tide: assessing the risks of climate change and human settlements in low elevation coastal zones},
	journal = {Environment and Urbanization},
	volume = {19},
	number = {1},
	pages = {17-37},
	year = {2007},
	doi = {10.1177/0956247807076960}
}

@Misc{sheehan:website,
  author	= {Sheehan, John D.},
  title	= {Finite Element},
  month	= {Accessed June},
  year	= {2010},
  url   = {http://homepages.dias.ie/~js/000_finiteElement.php}
}

@book{IPCC2007,
  author = {IPCC},
  interhash = {79b2aa3cd8b8dcfdaf4fbd005c246fb0},
  intrahash = {ee8fa5001c307e9d40938c70c508cb77},
  publisher = {Geneva: IPCC},
  title = {Fourth Assessment Report: Climate Change 2007: The AR4 Synthesis Report},
  url = {http://www.ipcc.ch/ipccreports/ar4-wg1.htm},
  year = 2007,
  keywords = {climate international science},
  biburl = {http://www.bibsonomy.org/bibtex/2ee8fa5001c307e9d40938c70c508cb77/sustdev_ac},
  abstract = {Working Group I reports on the Physical Science Basis of Climate Change. This report addresses the key areas of climate change research and shows that the warming of the climate system is unequivocal. Working Group II examines the future likely impacts of climate change on the planet, its vulnerability and capacity to adapt. The content of the report is wide-ranging, outlining predicted impacts for all continents and identifying major systems with specific detail.}
}
