
@article{moncrieff_simulation_2017,
	title = {Simulation, {Modeling}, and {Dynamically} {Based} {Parameterization} of {Organized} {Tropical} {Convection} for {Global} {Climate} {Models}},
	volume = {74},
	issn = {0022-4928, 1520-0469},
	url = {https://journals.ametsoc.org/view/journals/atsc/74/5/jas-d-16-0166.1.xml},
	doi = {10.1175/JAS-D-16-0166.1},
	language = {EN},
	number = {5},
	urldate = {2024-03-29},
	journal = {Journal of the Atmospheric Sciences},
	author = {Moncrieff, Mitchell W. and Liu, Changhai and Bogenschutz, Peter},
	month = may,
	year = {2017},
	pages = {1363--1380},
}

@article{chen_effects_2021,
	title = {Effects of {Organized} {Convection} {Parameterization} on the {MJO} and {Precipitation} in {E3SMv1}. {Part} {I}: {Mesoscale} {Heating}},
	volume = {13},
	issn = {1942-2466, 1942-2466},
	shorttitle = {Effects of {Organized} {Convection} {Parameterization} on the {MJO} and {Precipitation} in {E3SMv1}. {Part} {I}},
	url = {https://agupubs.onlinelibrary.wiley.com/doi/10.1029/2020MS002401},
	doi = {10.1029/2020MS002401},
	language = {en},
	number = {6},
	urldate = {2024-03-29},
	journal = {Journal of Advances in Modeling Earth Systems},
	author = {Chen, C.‐C. and Richter, J. H. and Liu, C. and Moncrieff, M. W. and Tang, Q. and Lin, W. and Xie, S. and Rasch, P. J.},
	month = jun,
	year = {2021},
	pages = {e2020MS002401},
}

@article{morrison_parameterization_2015,
	title = {Parameterization of {Cloud} {Microphysics} {Based} on the {Prediction} of {Bulk} {Ice} {Particle} {Properties}. {Part} {I}: {Scheme} {Description} and {Idealized} {Tests}},
	volume = {72},
	issn = {0022-4928, 1520-0469},
	shorttitle = {Parameterization of {Cloud} {Microphysics} {Based} on the {Prediction} of {Bulk} {Ice} {Particle} {Properties}. {Part} {I}},
	url = {https://journals.ametsoc.org/view/journals/atsc/72/1/jas-d-14-0065.1.xml},
	doi = {10.1175/JAS-D-14-0065.1},
	language = {EN},
	number = {1},
	urldate = {2024-03-29},
	journal = {Journal of the Atmospheric Sciences},
	author = {Morrison, Hugh and Milbrandt, Jason A.},
	month = jan,
	year = {2015},
	pages = {287--311},
}

@article{milbrandt_parameterization_2016,
	title = {Parameterization of {Cloud} {Microphysics} {Based} on the {Prediction} of {Bulk} {Ice} {Particle} {Properties}. {Part} {III}: {Introduction} of {Multiple} {Free} {Categories}},
	volume = {73},
	issn = {0022-4928, 1520-0469},
	shorttitle = {Parameterization of {Cloud} {Microphysics} {Based} on the {Prediction} of {Bulk} {Ice} {Particle} {Properties}. {Part} {III}},
	url = {https://journals.ametsoc.org/view/journals/atsc/73/3/jas-d-15-0204.1.xml},
	doi = {10.1175/JAS-D-15-0204.1},
	language = {EN},
	number = {3},
	urldate = {2024-03-29},
	journal = {Journal of the Atmospheric Sciences},
	author = {Milbrandt, J. A. and Morrison, H.},
	month = mar,
	year = {2016},
	pages = {975--995},
}

@article{liu_ice_2005,
	title = {Ice nucleation parameterization for global models},
	issn = {,},
	url = {https://www.schweizerbart.de/papers/metz/detail/14/54281/Ice_nucleation_parameterization_for_global_models},
	doi = {10.1127/0941-2948/2005/0059},
	language = {pt},
	urldate = {2024-03-29},
	journal = {Meteorologische Zeitschrift},
	author = {Liu, Xiaohong and Penner, Joyce E.},
	month = sep,
	year = {2005},
	pages = {499--514},
}

@article{wang_impact_2021,
	title = {Impact of a {New} {Cloud} {Microphysics} {Parameterization} on the {Simulations} of {Mesoscale} {Convective} {Systems} in {E3SM}},
	volume = {13},
	issn = {1942-2466, 1942-2466},
	url = {https://agupubs.onlinelibrary.wiley.com/doi/10.1029/2021MS002628},
	doi = {10.1029/2021MS002628},
	language = {en},
	number = {11},
	urldate = {2024-03-29},
	journal = {Journal of Advances in Modeling Earth Systems},
	author = {Wang, Jingyu and Fan, Jiwen and Feng, Zhe and Zhang, Kai and Roesler, Erika and Hillman, Benjamin and Shpund, Jacob and Lin, Wuyin and Xie, Shaocheng},
	month = nov,
	year = {2021},
	pages = {e2021MS002628},
}

@misc{larson_clubb-silhs_2022,
	title = {{CLUBB}-{SILHS}: {A} parameterization of subgrid variability in the atmosphere},
	shorttitle = {{CLUBB}-{SILHS}},
	url = {http://arxiv.org/abs/1711.03675},
	doi = {10.48550/arXiv.1711.03675},
	urldate = {2024-03-29},
	publisher = {arXiv},
	author = {Larson, Vincent E.},
	month = mar,
	year = {2022},
	note = {arXiv:1711.03675 [physics]},
	keywords = {Physics - Atmospheric and Oceanic Physics},
}

@article{bogenschutz_path_2018,
	title = {The path to {CAM6}: coupled simulations with {CAM5}.4 and {CAM5}.5},
	volume = {11},
	issn = {1991-959X},
	shorttitle = {The path to {CAM6}},
	url = {https://gmd.copernicus.org/articles/11/235/2018/},
	doi = {10.5194/gmd-11-235-2018},
	language = {English},
	number = {1},
	urldate = {2024-03-29},
	journal = {Geoscientific Model Development},
	author = {Bogenschutz, Peter A. and Gettelman, Andrew and Hannay, Cecile and Larson, Vincent E. and Neale, Richard B. and Craig, Cheryl and Chen, Chih-Chieh},
	month = jan,
	year = {2018},
	pages = {235--255},
}

@article{golaz_pdf-based_2002,
	title = {A {PDF}-{Based} {Model} for {Boundary} {Layer} {Clouds}. {Part} {I}: {Method} and {Model} {Description}},
	volume = {59},
	issn = {0022-4928, 1520-0469},
	shorttitle = {A {PDF}-{Based} {Model} for {Boundary} {Layer} {Clouds}. {Part} {I}},
	url = {https://journals.ametsoc.org/view/journals/atsc/59/24/1520-0469_2002_059_3540_apbmfb_2.0.co_2.xml},
	doi = {10.1175/1520-0469(2002)059<3540:APBMFB>2.0.CO;2},
	language = {EN},
	number = {24},
	urldate = {2024-03-29},
	journal = {Journal of the Atmospheric Sciences},
	author = {Golaz, Jean-Christophe and Larson, Vincent E. and Cotton, William R.},
	month = dec,
	year = {2002},
	pages = {3540--3551},
}

@article{larson_using_2005,
	title = {Using {Probability} {Density} {Functions} to {Derive} {Consistent} {Closure} {Relationships} among {Higher}-{Order} {Moments}},
	volume = {133},
	issn = {1520-0493, 0027-0644},
	url = {https://journals.ametsoc.org/view/journals/mwre/133/4/mwr2902.1.xml},
	doi = {10.1175/MWR2902.1},
	language = {EN},
	number = {4},
	urldate = {2024-03-29},
	journal = {Monthly Weather Review},
	author = {Larson, Vincent E. and Golaz, Jean-Christophe},
	month = apr,
	year = {2005},
	pages = {1023--1042},
}

@article{neale_impact_2008,
	title = {The {Impact} of {Convection} on {ENSO}: {From} a {Delayed} {Oscillator} to a {Series} of {Events}},
	volume = {21},
	issn = {0894-8755, 1520-0442},
	shorttitle = {The {Impact} of {Convection} on {ENSO}},
	url = {https://journals.ametsoc.org/view/journals/clim/21/22/2008jcli2244.1.xml},
	doi = {10.1175/2008JCLI2244.1},
	language = {EN},
	number = {22},
	urldate = {2024-03-29},
	journal = {Journal of Climate},
	author = {Neale, Richard B. and Richter, Jadwiga H. and Jochum, Markus},
	month = nov,
	year = {2008},
	pages = {5904--5924},
}

@article{zhang_sensitivity_1995,
	title = {Sensitivity of climate simulations to the parameterization of cumulus convection in the {Canadian} climate centre general circulation model},
	volume = {33},
	issn = {0705-5900, 1480-9214},
	url = {http://www.tandfonline.com/doi/abs/10.1080/07055900.1995.9649539},
	doi = {10.1080/07055900.1995.9649539},
	language = {en},
	number = {3},
	urldate = {2024-03-29},
	journal = {Atmosphere-Ocean},
	author = {Zhang, G.J. and McFarlane, Norman A.},
	month = sep,
	year = {1995},
	pages = {407--446},
}

@article{xie_improved_2019,
	title = {Improved {Diurnal} {Cycle} of {Precipitation} in {E3SM} {With} a {Revised} {Convective} {Triggering} {Function}},
	volume = {11},
	issn = {1942-2466, 1942-2466},
	url = {https://agupubs.onlinelibrary.wiley.com/doi/10.1029/2019MS001702},
	doi = {10.1029/2019MS001702},
	language = {en},
	number = {7},
	urldate = {2024-03-29},
	journal = {Journal of Advances in Modeling Earth Systems},
	author = {Xie, Shaocheng and Wang, Yi‐Chi and Lin, Wuyin and Ma, Hsi‐Yen and Tang, Qi and Tang, Shuaiqi and Zheng, Xue and Golaz, Jean‐Christophe and Zhang, Guang J. and Zhang, Minghua},
	month = jul,
	year = {2019},
	pages = {2290--2310},
}

@article{xie_impact_2000,
	title = {Impact of the convection triggering function on single‐column model simulations},
	volume = {105},
	issn = {0148-0227},
	url = {https://agupubs.onlinelibrary.wiley.com/doi/10.1029/2000JD900170},
	doi = {10.1029/2000JD900170},
	language = {en},
	number = {D11},
	urldate = {2024-03-29},
	journal = {Journal of Geophysical Research: Atmospheres},
	author = {Xie, Shaocheng and Zhang, Minghua},
	month = jun,
	year = {2000},
	pages = {14983--14996},
}

@article{wang_impacts_2015,
	title = {Impacts of the triggering function of cumulus parameterization on warm-season diurnal rainfall cycles at the {Atmospheric} {Radiation} {Measurement} {Southern} {Great} {Plains} site: {CONVECTIVE} {TRIGGER} {ON} {SGP} {NOCTURNAL} {RAIN}},
	volume = {120},
	issn = {2169897X},
	shorttitle = {Impacts of the triggering function of cumulus parameterization on warm-season diurnal rainfall cycles at the {Atmospheric} {Radiation} {Measurement} {Southern} {Great} {Plains} site},
	url = {http://doi.wiley.com/10.1002/2015JD023337},
	doi = {10.1002/2015JD023337},
	language = {en},
	number = {20},
	urldate = {2024-03-29},
	journal = {Journal of Geophysical Research: Atmospheres},
	author = {Wang, Yi-Chi and Pan, Hua-Lu and Hsu, Huang-Hsiung},
	month = oct,
	year = {2015},
	pages = {10,681--10,702},
}

@article{song_microphysics_2011,
	title = {Microphysics parameterization for convective clouds in a global climate model: {Description} and single-column model tests},
	volume = {116},
	issn = {0148-0227},
	shorttitle = {Microphysics parameterization for convective clouds in a global climate model},
	url = {http://doi.wiley.com/10.1029/2010JD014833},
	doi = {10.1029/2010JD014833},
	language = {en},
	number = {D2},
	urldate = {2024-03-29},
	journal = {Journal of Geophysical Research},
	author = {Song, Xiaoliang and Zhang, Guang J.},
	month = jan,
	year = {2011},
	pages = {D02201},
}

@article{song_evaluation_2012,
	title = {Evaluation of {Microphysics} {Parameterization} for {Convective} {Clouds} in the {NCAR} {Community} {Atmosphere} {Model} {CAM5}},
	volume = {25},
	issn = {0894-8755, 1520-0442},
	url = {http://journals.ametsoc.org/doi/10.1175/JCLI-D-11-00563.1},
	doi = {10.1175/JCLI-D-11-00563.1},
	language = {en},
	number = {24},
	urldate = {2024-03-29},
	journal = {Journal of Climate},
	author = {Song, Xiaoliang and Zhang, Guang J. and Li, J.-L. F.},
	month = dec,
	year = {2012},
	pages = {8568--8590},
}

@article{storer_effects_2015,
	title = {Effects of {Convective} {Microphysics} {Parameterization} on {Large}-{Scale} {Cloud} {Hydrological} {Cycle} and {Radiative} {Budget} in {Tropical} and {Midlatitude} {Convective} {Regions}},
	volume = {28},
	issn = {0894-8755, 1520-0442},
	url = {https://journals.ametsoc.org/view/journals/clim/28/23/jcli-d-15-0064.1.xml},
	doi = {10.1175/JCLI-D-15-0064.1},
	language = {EN},
	number = {23},
	urldate = {2024-03-29},
	journal = {Journal of Climate},
	author = {Storer, Rachel L. and Zhang, Guang J. and Song, Xiaoliang},
	month = dec,
	year = {2015},
	pages = {9277--9297},
}

@article{song_incorporating_2023,
	title = {Incorporating the {Effect} of {Large}‐{Scale} {Vertical} {Motion} on {Convection} {Through} {Convective} {Mass} {Flux} {Adjustment} in {E3SMv2}},
	volume = {15},
	issn = {1942-2466, 1942-2466},
	url = {https://agupubs.onlinelibrary.wiley.com/doi/10.1029/2022MS003553},
	doi = {10.1029/2022MS003553},
	language = {en},
	number = {10},
	urldate = {2024-03-29},
	journal = {Journal of Advances in Modeling Earth Systems},
	author = {Song, Xiaoliang and Zhang, Guang and Wan, Hui and Xie, Shaocheng},
	month = oct,
	year = {2023},
	pages = {e2022MS003553},
}

@article{mlawer_radiative_1997,
	title = {Radiative transfer for inhomogeneous atmospheres: {RRTM}, a validated correlated‐k model for the longwave},
	volume = {102},
	issn = {0148-0227},
	shorttitle = {Radiative transfer for inhomogeneous atmospheres},
	url = {https://agupubs.onlinelibrary.wiley.com/doi/10.1029/97JD00237},
	doi = {10.1029/97JD00237},
	language = {en},
	number = {D14},
	urldate = {2024-03-29},
	journal = {Journal of Geophysical Research: Atmospheres},
	author = {Mlawer, Eli J. and Taubman, Steven J. and Brown, Patrick D. and Iacono, Michael J. and Clough, Shepard A.},
	month = jul,
	year = {1997},
	pages = {16663--16682},
}

@article{iacono_radiative_2008,
	title = {Radiative forcing by long‐lived greenhouse gases: {Calculations} with the {AER} radiative transfer models},
	volume = {113},
	issn = {0148-0227},
	shorttitle = {Radiative forcing by long‐lived greenhouse gases},
	url = {https://agupubs.onlinelibrary.wiley.com/doi/10.1029/2008JD009944},
	doi = {10.1029/2008JD009944},
	language = {en},
	number = {D13},
	urldate = {2024-03-29},
	journal = {Journal of Geophysical Research: Atmospheres},
	author = {Iacono, Michael J. and Delamere, Jennifer S. and Mlawer, Eli J. and Shephard, Mark W. and Clough, Shepard A. and Collins, William D.},
	month = jul,
	year = {2008},
	pages = {2008JD009944},
}

@article{pincus_fast_2003,
	title = {A fast, flexible, approximate technique for computing radiative transfer in inhomogeneous cloud fields},
	volume = {108},
	issn = {0148-0227},
	url = {https://agupubs.onlinelibrary.wiley.com/doi/10.1029/2002JD003322},
	doi = {10.1029/2002JD003322},
	language = {en},
	number = {D13},
	urldate = {2024-03-29},
	journal = {Journal of Geophysical Research: Atmospheres},
	author = {Pincus, Robert and Barker, Howard W. and Morcrette, Jean‐Jacques},
	month = jul,
	year = {2003},
	pages = {2002JD003322},
}

@article{liu_description_2016,
	title = {Description and evaluation of a new four-mode version of the {Modal} {Aerosol} {Module} ({MAM4}) within version 5.3 of the {Community} {Atmosphere} {Model}},
	volume = {9},
	issn = {1991-9603},
	url = {https://gmd.copernicus.org/articles/9/505/2016/},
	doi = {10.5194/gmd-9-505-2016},
	language = {en},
	number = {2},
	urldate = {2024-03-29},
	journal = {Geoscientific Model Development},
	author = {Liu, X. and Ma, P.-L. and Wang, H. and Tilmes, S. and Singh, B. and Easter, R. C. and Ghan, S. J. and Rasch, P. J.},
	month = feb,
	year = {2016},
	pages = {505--522},
}

@article{wu_development_2022,
	title = {Development and {Evaluation} of {E3SM}‐{MOSAIC}: {Spatial} {Distributions} and {Radiative} {Effects} of {Nitrate} {Aerosol}},
	volume = {14},
	issn = {1942-2466, 1942-2466},
	shorttitle = {Development and {Evaluation} of {E3SM}‐{MOSAIC}},
	url = {https://agupubs.onlinelibrary.wiley.com/doi/10.1029/2022MS003157},
	doi = {10.1029/2022MS003157},
	language = {en},
	number = {11},
	urldate = {2024-03-29},
	journal = {Journal of Advances in Modeling Earth Systems},
	author = {Wu, Mingxuan and Wang, Hailong and Easter, Richard C. and Lu, Zheng and Liu, Xiaohong and Singh, Balwinder and Ma, Po‐Lun and Tang, Qi and Zaveri, Rahul A. and Ke, Ziming and Zhang, Rudong and Emmons, Louisa K. and Tilmes, Simone and Dibb, Jack E. and Zheng, Xue and Xie, Shaocheng and Leung, L. Ruby},
	month = nov,
	year = {2022},
	pages = {e2022MS003157},
}

@article{lou_new_2020,
	title = {New {SOA} {Treatments} {Within} the {Energy} {Exascale} {Earth} {System} {Model} ({E3SM}): {Strong} {Production} and {Sinks} {Govern} {Atmospheric} {SOA} {Distributions} and {Radiative} {Forcing}},
	volume = {12},
	issn = {1942-2466, 1942-2466},
	shorttitle = {New {SOA} {Treatments} {Within} the {Energy} {Exascale} {Earth} {System} {Model} ({E3SM})},
	url = {https://agupubs.onlinelibrary.wiley.com/doi/10.1029/2020MS002266},
	doi = {10.1029/2020MS002266},
	language = {en},
	number = {12},
	urldate = {2024-03-29},
	journal = {Journal of Advances in Modeling Earth Systems},
	author = {Lou, Sijia and Shrivastava, Manish and Easter, Richard C. and Yang, Yang and Ma, Po‐Lun and Wang, Hailong and Cubison, Michael J. and Campuzano‐Jost, Pedro and Jimenez, Jose L. and Zhang, Qi and Rasch, Philip J. and Shilling, John E. and Zelenyuk, Alla and Dubey, Manvendra and Cameron‐Smith, Philip and Martin, Scot T. and Schneider, Johannes and Schulz, Christiane},
	month = dec,
	year = {2020},
	pages = {e2020MS002266},
}

@article{shrivastava_global_2015,
	title = {Global transformation and fate of {SOA}: {Implications} of low‐volatility {SOA} and gas‐phase fragmentation reactions},
	volume = {120},
	issn = {2169-897X, 2169-8996},
	shorttitle = {Global transformation and fate of {SOA}},
	url = {https://agupubs.onlinelibrary.wiley.com/doi/10.1002/2014JD022563},
	doi = {10.1002/2014JD022563},
	language = {en},
	number = {9},
	urldate = {2024-03-29},
	journal = {Journal of Geophysical Research: Atmospheres},
	author = {Shrivastava, Manish and Easter, Richard C. and Liu, Xiaohong and Zelenyuk, Alla and Singh, Balwinder and Zhang, Kai and Ma, Po‐Lun and Chand, Duli and Ghan, Steven and Jimenez, Jose L. and Zhang, Qi and Fast, Jerome and Rasch, Philip J. and Tiitta, Petri},
	month = may,
	year = {2015},
	pages = {4169--4195},
}


@article{hodzic_rethinking_2016,
	title = {Rethinking the global secondary organic aerosol ({SOA}) budget: stronger production, faster removal, shorter lifetime},
	volume = {16},
	issn = {1680-7316},
	shorttitle = {Rethinking the global secondary organic aerosol ({SOA}) budget},
	url = {https://acp.copernicus.org/articles/16/7917/2016/},
	doi = {10.5194/acp-16-7917-2016},
	language = {English},
	number = {12},
	urldate = {2024-03-29},
	journal = {Atmospheric Chemistry and Physics},
	author = {Hodzic, Alma and Kasibhatla, Prasad S. and Jo, Duseong S. and Cappa, Christopher D. and Jimenez, Jose L. and Madronich, Sasha and Park, Rokjin J.},
	month = jun,
	year = {2016},
	pages = {7917--7941},
}

@article{kok_improved_2014,
	title = {An improved dust emission model – {Part} 1: {Model} description and comparison against measurements},
	volume = {14},
	issn = {1680-7316},
	shorttitle = {An improved dust emission model – {Part} 1},
	url = {https://acp.copernicus.org/articles/14/13023/2014/},
	doi = {10.5194/acp-14-13023-2014},
	language = {English},
	number = {23},
	urldate = {2024-03-29},
	journal = {Atmospheric Chemistry and Physics},
	author = {Kok, J. F. and Mahowald, N. M. and Fratini, G. and Gillies, J. A. and Ishizuka, M. and Leys, J. F. and Mikami, M. and Park, M.-S. and Park, S.-U. and Van Pelt, R. S. and Zobeck, T. M.},
	month = dec,
	year = {2014},
	pages = {13023--13041},
}

@article{zender_mineral_2003,
	title = {Mineral {Dust} {Entrainment} and {Deposition} ({DEAD}) model: {Description} and 1990s dust climatology},
	volume = {108},
	issn = {0148-0227},
	shorttitle = {Mineral {Dust} {Entrainment} and {Deposition} ({DEAD}) model},
	url = {https://agupubs.onlinelibrary.wiley.com/doi/10.1029/2002JD002775},
	doi = {10.1029/2002JD002775},
	language = {en},
	number = {D14},
	urldate = {2024-03-29},
	journal = {Journal of Geophysical Research: Atmospheres},
	author = {Zender, Charles S. and Bian, Huisheng and Newman, David},
	month = jul,
	year = {2003},
	pages = {2002JD002775},
}

@article{martensson_laboratory_2003,
	title = {Laboratory simulations and parameterization of the primary marine aerosol production},
	volume = {108},
	issn = {0148-0227},
	url = {https://agupubs.onlinelibrary.wiley.com/doi/10.1029/2002JD002263},
	doi = {10.1029/2002JD002263},
	language = {en},
	number = {D9},
	urldate = {2024-03-29},
	journal = {Journal of Geophysical Research: Atmospheres},
	author = {Mårtensson, E. M. and Nilsson, E. D. and De Leeuw, G. and Cohen, L. H. and Hansson, H.‐C.},
	month = may,
	year = {2003},
	pages = {2002JD002263},
}

@incollection{monahan_model_1986,
	address = {Dordrecht},
	title = {A {Model} of {Marine} {Aerosol} {Generation} {Via} {Whitecaps} and {Wave} {Disruption}},
	isbn = {9789400946682},
	url = {https://doi.org/10.1007/978-94-009-4668-2_16},
	language = {en},
	urldate = {2024-03-29},
	booktitle = {Oceanic {Whitecaps}: {And} {Their} {Role} in {Air}-{Sea} {Exchange} {Processes}},
	publisher = {Springer Netherlands},
	author = {Monahan, E. C. and Spiel, D. E. and Davidson, K. L.},
	editor = {Monahan, Edward C. and Niocaill, Gearóid Mac},
	year = {1986},
	doi = {10.1007/978-94-009-4668-2_16},
	keywords = {Wind Speed, Droplet Radius, Marine Aerosol, Aerosol Generation, Aerosol Droplet},
	pages = {167--174},
}

@article{lee_e3sm_2024,
	title = {{E3SM} {Chemistry} {Diagnostics} {Package} ({ChemDyg}) {Version} 0.1.4},
	url = {https://gmd.copernicus.org/preprints/gmd-2023-203/},
	doi = {10.5194/gmd-2023-203},
	language = {English},
	urldate = {2024-03-29},
	journal = {Geoscientific Model Development Discussions},
	author = {Lee, Hsiang-He and Tang, Qi and Prather, Michael},
	month = jan,
	year = {2024},
	pages = {1--46},
}

@article{hsu_global_2010,
	title = {Global long‐lived chemical modes excited in a 3‐{D} chemistry transport model: {Stratospheric} {N} $_{\textrm{2}}$ {O}, {NO} $_{\textrm{ \textit{y} }}$ , {O} $_{\textrm{3}}$ and {CH} $_{\textrm{4}}$ chemistry},
	volume = {37},
	issn = {0094-8276, 1944-8007},
	shorttitle = {Global long‐lived chemical modes excited in a 3‐{D} chemistry transport model},
	url = {https://agupubs.onlinelibrary.wiley.com/doi/10.1029/2009GL042243},
	doi = {10.1029/2009GL042243},
	language = {en},
	number = {7},
	urldate = {2024-03-29},
	journal = {Geophysical Research Letters},
	author = {Hsu, Juno and Prather, Michael J.},
	month = apr,
	year = {2010},
	pages = {2009GL042243},
}

@article{tang_evaluation_2021,
	title = {Evaluation of the interactive stratospheric ozone ({O3v2}) module in the {E3SM} version 1 {Earth} system model},
	volume = {14},
	issn = {1991-9603},
	url = {https://gmd.copernicus.org/articles/14/1219/2021/},
	doi = {10.5194/gmd-14-1219-2021},
	language = {en},
	number = {3},
	urldate = {2024-03-29},
	journal = {Geoscientific Model Development},
	author = {Tang, Qi and Prather, Michael J. and Hsu, Juno and Ruiz, Daniel J. and Cameron-Smith, Philip J. and Xie, Shaocheng and Golaz, Jean-Christophe},
	month = mar,
	year = {2021},
	pages = {1219--1236},
}

@article{zhang_understanding_2024,
	title = {Understanding changes in cloud simulations from {E3SM} version 1 to version 2},
	volume = {17},
	issn = {1991-9603},
	url = {https://gmd.copernicus.org/articles/17/169/2024/},
	doi = {10.5194/gmd-17-169-2024},
	language = {en},
	number = {1},
	urldate = {2024-03-29},
	journal = {Geoscientific Model Development},
	author = {Zhang, Yuying and Xie, Shaocheng and Qin, Yi and Lin, Wuyin and Golaz, Jean-Christophe and Zheng, Xue and Ma, Po-Lun and Qian, Yun and Tang, Qi and Terai, Christopher R. and Zhang, Meng},
	month = jan,
	year = {2024},
	pages = {169--189},
}

@article{zhang_evaluation_2019,
	title = {Evaluation of {Clouds} in {Version} 1 of the {E3SM} {Atmosphere} {Model} {With} {Satellite} {Simulators}},
	volume = {11},
	issn = {1942-2466, 1942-2466},
	url = {https://agupubs.onlinelibrary.wiley.com/doi/10.1029/2018MS001562},
	doi = {10.1029/2018MS001562},
	language = {en},
	number = {5},
	urldate = {2024-03-29},
	journal = {Journal of Advances in Modeling Earth Systems},
	author = {Zhang, Yuying and Xie, Shaocheng and Lin, Wuyin and Klein, Stephen A. and Zelinka, Mark and Ma, Po‐Lun and Rasch, Philip J. and Qian, Yun and Tang, Qi and Ma, Hsi‐Yen},
	month = may,
	year = {2019},
	pages = {1253--1268},
}

@article{swales_cloud_2018,
	title = {The {Cloud} {Feedback} {Model} {Intercomparison} {Project} {Observational} {Simulator} {Package}: {Version} 2},
	volume = {11},
	issn = {1991-9603},
	shorttitle = {The {Cloud} {Feedback} {Model} {Intercomparison} {Project} {Observational} {Simulator} {Package}},
	url = {https://gmd.copernicus.org/articles/11/77/2018/},
	doi = {10.5194/gmd-11-77-2018},
	language = {en},
	number = {1},
	urldate = {2024-03-29},
	journal = {Geoscientific Model Development},
	author = {Swales, Dustin J. and Pincus, Robert and Bodas-Salcedo, Alejandro},
	month = jan,
	year = {2018},
	pages = {77--81},
}

@article{bodas-salcedo_cosp_2011,
	title = {{COSP}: {Satellite} simulation software for model assessment},
	volume = {92},
	issn = {0003-0007, 1520-0477},
	shorttitle = {{COSP}},
	url = {https://journals.ametsoc.org/doi/10.1175/2011BAMS2856.1},
	doi = {10.1175/2011BAMS2856.1},
	language = {en},
	number = {8},
	urldate = {2024-03-29},
	journal = {Bulletin of the American Meteorological Society},
	author = {Bodas-Salcedo, A. and Webb, M. J. and Bony, S. and Chepfer, H. and Dufresne, J.-L. and Klein, S. A. and Zhang, Y. and Marchand, R. and Haynes, J. M. and Pincus, R. and John, V. O.},
	month = aug,
	year = {2011},
	pages = {1023--1043},
}

@article{zhang_arm_2020,
	title = {The {ARM} {Data}-{Oriented} {Metrics} and {Diagnostics} {Package} for {Climate} {Models}: {A} {New} {Tool} for {Evaluating} {Climate} {Models} with {Field} {Data}},
	volume = {101},
	issn = {0003-0007, 1520-0477},
	shorttitle = {The {ARM} {Data}-{Oriented} {Metrics} and {Diagnostics} {Package} for {Climate} {Models}},
	url = {https://journals.ametsoc.org/view/journals/bams/101/10/bamsD190282.xml},
	doi = {10.1175/BAMS-D-19-0282.1},
	language = {EN},
	number = {10},
	urldate = {2024-03-29},
	journal = {Bulletin of the American Meteorological Society},
	author = {Zhang, C. and Xie, S. and Tao, C. and Tang, S. and Emmenegger, T. and Neelin, J. D. and Schiro, K. A. and Lin, W. and Shaheen, Z.},
	month = oct,
	year = {2020},
	pages = {E1619--E1627},
}

@article{zheng_assessment_2023,
	title = {Assessment of {CMIP5} and {CMIP6} {AMIP} {Simulated} {Clouds} and {Surface} {Shortwave} {Radiation} {Using} {ARM} {Observations} over {Different} {Climate} {Regions}},
	volume = {36},
	issn = {0894-8755, 1520-0442},
	url = {https://journals.ametsoc.org/view/journals/clim/36/24/JCLI-D-23-0247.1.xml},
	doi = {10.1175/JCLI-D-23-0247.1},
	language = {EN},
	number = {24},
	urldate = {2024-03-29},
	journal = {Journal of Climate},
	author = {Zheng, Xiaojian and Tao, Cheng and Zhang, Chengzhu and Xie, Shaocheng and Zhang, Yuying and Xi, Baike and Dong, Xiquan},
	month = nov,
	year = {2023},
	pages = {8475--8495},
}

@article{zhang_causes_2018,
	title = {{CAUSES}: {Diagnosis} of the {Summertime} {Warm} {Bias} in {CMIP5} {Climate} {Models} at the {ARM} {Southern} {Great} {Plains} {Site}},
	volume = {123},
	issn = {2169-897X, 2169-8996},
	shorttitle = {{CAUSES}},
	url = {https://agupubs.onlinelibrary.wiley.com/doi/10.1002/2017JD027200},
	doi = {10.1002/2017JD027200},
	language = {en},
	number = {6},
	urldate = {2024-03-29},
	journal = {Journal of Geophysical Research: Atmospheres},
	author = {Zhang, Chengzhu and Xie, Shaocheng and Klein, Stephen A. and Ma, Hsi‐yen and Tang, Shuaiqi and Van Weverberg, Kwinten and Morcrette, Cyril J. and Petch, Jon},
	month = mar,
	year = {2018},
	pages = {2968--2992},
}

@article{emmenegger_evaluating_2022,
	title = {Evaluating {Tropical} {Precipitation} {Relations} in {CMIP6} {Models} with {ARM} {Data}},
	volume = {35},
	issn = {0894-8755, 1520-0442},
	url = {https://journals.ametsoc.org/view/journals/clim/35/19/JCLI-D-21-0386.1.xml},
	doi = {10.1175/JCLI-D-21-0386.1},
	number = {19},
	urldate = {2024-03-29},
	journal = {Journal of Climate},
	author = {Emmenegger, Todd and Kuo, Yi-Hung and Xie, Shaocheng and Zhang, Chengzhu and Tao, Cheng and Neelin, J. David},
	month = oct,
	year = {2022},
	pages = {6343--6360},
}

@article{zhang_e3sm_2022,
	title = {The {E3SM} {Diagnostics} {Package} ({E3SM} {Diags} v2.7): a {Python}-based diagnostics package for {Earth} system model evaluation},
	volume = {15},
	issn = {1991-9603},
	shorttitle = {The {E3SM} {Diagnostics} {Package} ({E3SM} {Diags} v2.7)},
	url = {https://gmd.copernicus.org/articles/15/9031/2022/},
	doi = {10.5194/gmd-15-9031-2022},
	language = {en},
	number = {24},
	urldate = {2024-03-29},
	journal = {Geoscientific Model Development},
	author = {Zhang, Chengzhu and Golaz, Jean-Christophe and Forsyth, Ryan and Vo, Tom and Xie, Shaocheng and Shaheen, Zeshawn and Potter, Gerald L. and Asay-Davis, Xylar S. and Zender, Charles S. and Lin, Wuyin and Chen, Chih-Chieh and Terai, Chris R. and Mahajan, Salil and Zhou, Tian and Balaguru, Karthik and Tang, Qi and Tao, Cheng and Zhang, Yuying and Emmenegger, Todd and Burrows, Susannah and Ullrich, Paul A.},
	month = dec,
	year = {2022},
	pages = {9031--9056},
}


@article{taylor_energy_2020,
	title = {An {Energy} {Consistent} {Discretization} of the {Nonhydrostatic} {Equations} in {Primitive} {Variables}},
	volume = {12},
	issn = {1942-2466, 1942-2466},
	url = {https://agupubs.onlinelibrary.wiley.com/doi/10.1029/2019MS001783},
	doi = {10.1029/2019MS001783},
	language = {en},
	number = {1},
	urldate = {2024-03-29},
	journal = {Journal of Advances in Modeling Earth Systems},
	author = {Taylor, Mark A. and Guba, Oksana and Steyer, Andrew and Ullrich, Paul A. and Hall, David M. and Eldred, Christopher},
	month = jan,
	year = {2020},
	pages = {e2019MS001783},
}

@article{bradley_islet_2022,
	title = {Islet: interpolation semi-{Lagrangian} element-based transport},
	volume = {15},
	issn = {1991-9603},
	shorttitle = {Islet},
	url = {https://gmd.copernicus.org/articles/15/6285/2022/},
	doi = {10.5194/gmd-15-6285-2022},
	language = {en},
	number = {16},
	urldate = {2024-03-29},
	journal = {Geoscientific Model Development},
	author = {Bradley, Andrew M. and Bosler, Peter A. and Guba, Oksana},
	month = aug,
	year = {2022},
	pages = {6285--6310},
}

@techreport{guba_spectral_2014,
	type = {preprint},
	title = {The spectral element method on variable resolution grids: evaluating grid sensitivity and resolution-aware numerical viscosity},
	shorttitle = {The spectral element method on variable resolution grids},
	url = {https://gmd.copernicus.org/preprints/7/4081/2014/gmdd-7-4081-2014.pdf},
	urldate = {2024-03-29},
	institution = {Numerical Methods},
	author = {Guba, O. and Taylor, M. A. and Ullrich, P. A. and Overfelt, J. R. and Levy, M. N.},
	month = jun,
	year = {2014},
	doi = {10.5194/gmdd-7-4081-2014},
}

@article{taylor_compatible_2010,
	title = {A compatible and conservative spectral element method on unstructured grids},
	volume = {229},
	issn = {00219991},
	url = {https://linkinghub.elsevier.com/retrieve/pii/S0021999110001841},
	doi = {10.1016/j.jcp.2010.04.008},
	language = {en},
	number = {17},
	urldate = {2024-03-29},
	journal = {Journal of Computational Physics},
	author = {Taylor, Mark A. and Fournier, Aimé},
	month = aug,
	year = {2010},
	pages = {5879--5895},
}

@misc{elliott_macromolecule_2015,
	title = {Macromolecule distributions input file for the {OCEANFILMS} parameterization},
	copyright = {Creative Commons Attribution 4.0 International, Open Access},
	url = {https://zenodo.org/record/6320812},
	doi = {10.5281/ZENODO.6320812},
	urldate = {2024-03-29},
	publisher = {[object Object]},
	author = {Elliott, Scott M. and Maltrud, Mathew and Burrows, Susannah M.},
	month = nov,
	year = {2015},
	keywords = {Sea spray organic matter, Emissions parameterization},
}

@article{wang_influence_2015,
	title = {Influence of explicit \textit{{Phaeocystis}} parameterizations on the global distribution of marine dimethyl sulfide},
	volume = {120},
	issn = {2169-8953, 2169-8961},
	url = {https://agupubs.onlinelibrary.wiley.com/doi/10.1002/2015JG003017},
	doi = {10.1002/2015JG003017},
	language = {en},
	number = {11},
	urldate = {2024-03-29},
	journal = {Journal of Geophysical Research: Biogeosciences},
	author = {Wang, Shanlin and Elliott, Scott and Maltrud, Mathew and Cameron‐Smith, Philip},
	month = nov,
	year = {2015},
	pages = {2158--2177},
}

@article{burrows_physically_2014,
	title = {A physically based framework for modeling the organic fractionation of sea spray aerosol from bubble film {Langmuir} equilibria},
	volume = {14},
	issn = {1680-7316},
	url = {https://acp.copernicus.org/articles/14/13601/2014/},
	doi = {10.5194/acp-14-13601-2014},
	language = {English},
	number = {24},
	urldate = {2024-03-29},
	journal = {Atmospheric Chemistry and Physics},
	author = {Burrows, S. M. and Ogunro, O. and Frossard, A. A. and Russell, L. M. and Rasch, P. J. and Elliott, S. M.},
	month = dec,
	year = {2014},
	pages = {13601--13629},
}

@article{burrows_oceanfilms_2022,
	title = {{OCEANFILMS} ({Organic} {Compounds} from {Ecosystems} to {Aerosols}: {Natural} {Films} and {Interfaces} via {Langmuir} {Molecular} {Surfactants}) sea spray organic aerosol emissions – implementation in a global climate model and impacts on clouds},
	volume = {22},
	issn = {1680-7316},
	shorttitle = {{OCEANFILMS} ({Organic} {Compounds} from {Ecosystems} to {Aerosols}},
	url = {https://acp.copernicus.org/articles/22/5223/2022/},
	doi = {10.5194/acp-22-5223-2022},
	language = {English},
	number = {8},
	urldate = {2024-03-29},
	journal = {Atmospheric Chemistry and Physics},
	author = {Burrows, Susannah M. and Easter, Richard C. and Liu, Xiaohong and Ma, Po-Lun and Wang, Hailong and Elliott, Scott M. and Singh, Balwinder and Zhang, Kai and Rasch, Philip J.},
	month = apr,
	year = {2022},
	pages = {5223--5251},
}

@article{maltrud_global_1998,
	title = {Global eddy‐resolving ocean simulations driven by 1985–1995 atmospheric winds},
	volume = {103},
	issn = {0148-0227},
	url = {https://agupubs.onlinelibrary.wiley.com/doi/10.1029/1998JC900013},
	doi = {10.1029/1998JC900013},
	language = {en},
	number = {C13},
	urldate = {2024-03-29},
	journal = {Journal of Geophysical Research: Oceans},
	author = {Maltrud, Mathew E. and Smith, Richard D. and Semtner, Albert J. and Malone, Robert C.},
	month = dec,
	year = {1998},
	pages = {30825--30853},
}

@article{moore_upper_2004,
	title = {Upper ocean ecosystem dynamics and iron cycling in a global three‐dimensional model},
	volume = {18},
	issn = {0886-6236, 1944-9224},
	url = {https://agupubs.onlinelibrary.wiley.com/doi/10.1029/2004GB002220},
	doi = {10.1029/2004GB002220},
	language = {en},
	number = {4},
	urldate = {2024-03-29},
	journal = {Global Biogeochemical Cycles},
	author = {Moore, J. Keith and Doney, Scott C. and Lindsay, Keith},
	month = dec,
	year = {2004},
	pages = {2004GB002220},
}

@article{liu_toward_2012,
	title = {Toward a minimal representation of aerosols in climate models: description and evaluation in the {Community} {Atmosphere} {Model} {CAM5}},
	volume = {5},
	issn = {1991-9603},
	shorttitle = {Toward a minimal representation of aerosols in climate models},
	url = {https://gmd.copernicus.org/articles/5/709/2012/},
	doi = {10.5194/gmd-5-709-2012},
	language = {en},
	number = {3},
	urldate = {2024-03-29},
	journal = {Geoscientific Model Development},
	author = {Liu, X. and Easter, R. C. and Ghan, S. J. and Zaveri, R. and Rasch, P. and Shi, X. and Lamarque, J.-F. and Gettelman, A. and Morrison, H. and Vitt, F. and Conley, A. and Park, S. and Neale, R. and Hannay, C. and Ekman, A. M. L. and Hess, P. and Mahowald, N. and Collins, W. and Iacono, M. J. and Bretherton, C. S. and Flanner, M. G. and Mitchell, D.},
	month = may,
	year = {2012},
	pages = {709--739},
}

@article{wang_aerosols_2020,
	title = {Aerosols in the {E3SM} {Version} 1: {New} {Developments} and {Their} {Impacts} on {Radiative} {Forcing}},
	volume = {12},
	issn = {1942-2466, 1942-2466},
	shorttitle = {Aerosols in the {E3SM} {Version} 1},
	url = {https://agupubs.onlinelibrary.wiley.com/doi/10.1029/2019MS001851},
	doi = {10.1029/2019MS001851},
	language = {en},
	number = {1},
	urldate = {2024-03-29},
	journal = {Journal of Advances in Modeling Earth Systems},
	author = {Wang, Hailong and Easter, Richard C. and Zhang, Rudong and Ma, Po‐Lun and Singh, Balwinder and Zhang, Kai and Ganguly, Dilip and Rasch, Philip J. and Burrows, Susannah M. and Ghan, Steven J. and Lou, Sijia and Qian, Yun and Yang, Yang and Feng, Yan and Flanner, Mark and Leung, L. Ruby and Liu, Xiaohong and Shrivastava, Manish and Sun, Jian and Tang, Qi and Xie, Shaocheng and Yoon, Jin‐Ho},
	month = jan,
	year = {2020},
	pages = {e2019MS001851},
}

@article{feng_global_2022,
	title = {Global {Dust} {Cycle} and {Direct} {Radiative} {Effect} in {E3SM} {Version} 1: {Impact} of {Increasing} {Model} {Resolution}},
	volume = {14},
	issn = {1942-2466, 1942-2466},
	shorttitle = {Global {Dust} {Cycle} and {Direct} {Radiative} {Effect} in {E3SM} {Version} 1},
	url = {https://agupubs.onlinelibrary.wiley.com/doi/10.1029/2021MS002909},
	doi = {10.1029/2021MS002909},
	language = {en},
	number = {7},
	urldate = {2024-03-29},
	journal = {Journal of Advances in Modeling Earth Systems},
	author = {Feng, Y. and Wang, H. and Rasch, P. J. and Zhang, K. and Lin, W. and Tang, Q. and Xie, S. and Hamilton, D. S. and Mahowald, N. and Yu, H.},
	month = jul,
	year = {2022},
	pages = {e2021MS002909},
}

@article{dentener_emissions_2006,
	title = {Emissions of primary aerosol and precursor gases in the years 2000 and 1750 prescribed data-sets for {AeroCom}},
	volume = {6},
	issn = {1680-7316},
	url = {https://acp.copernicus.org/articles/6/4321/2006/acp-6-4321-2006.html},
	doi = {10.5194/acp-6-4321-2006},
	language = {English},
	number = {12},
	urldate = {2024-04-24},
	journal = {Atmospheric Chemistry and Physics},
	author = {Dentener, F. and Kinne, S. and Bond, T. and Boucher, O. and Cofala, J. and Generoso, S. and Ginoux, P. and Gong, S. and Hoelzemann, J. J. and Ito, A. and Marelli, L. and Penner, J. E. and Putaud, J.-P. and Textor, C. and Schulz, M. and van der Werf, G. R. and Wilson, J.},
	year = {2006},
	pages = {4321--4344},
}

@article{visioni_limitations_2022,
	title = {Limitations of assuming internal mixing between different aerosol species: a case study with sulfate geoengineering simulations},
	volume = {22},
	issn = {1680-7316},
	shorttitle = {Limitations of assuming internal mixing between different aerosol species},
	url = {https://acp.copernicus.org/articles/22/1739/2022/},
	doi = {10.5194/acp-22-1739-2022},
	language = {English},
	number = {3},
	urldate = {2024-04-25},
	journal = {Atmospheric Chemistry and Physics},
	author = {Visioni, Daniele and Tilmes, Simone and Bardeen, Charles and Mills, Michael and MacMartin, Douglas G. and Kravitz, Ben and Richter, Jadwiga H.},
	month = feb,
	year = {2022},
	pages = {1739--1756},
}

@misc{neely_iii_volcaneesm_2016,
	title = {{VolcanEESM}: {Global} volcanic sulphur dioxide ({SO2}) emissions database from 1850 to present - {Version} 1.0},
	shorttitle = {{VolcanEESM}},
	url = {https://catalogue.ceda.ac.uk/uuid/a8a7e52b299a46c9b09d8e56b283d385},
	doi = {10.5285/76EBDC0B-0EED-4F70-B89E-55E606BCD568},
	language = {en},
	urldate = {2024-04-25},
	publisher = {[object Object]},
	author = {Neely III, R. R. and Schmidt, A.},
	year = {2016},
	keywords = {Atmospheric Sciences, FOS: Earth and related environmental sciences},
}

@article{mills_global_2016,
	title = {Global volcanic aerosol properties derived from emissions, 1990–2014, using {CESM1}({WACCM})},
	volume = {121},
	copyright = {http://onlinelibrary.wiley.com/termsAndConditions\#am},
	issn = {2169-897X, 2169-8996},
	url = {https://agupubs.onlinelibrary.wiley.com/doi/10.1002/2015JD024290},
	doi = {10.1002/2015JD024290},
	language = {en},
	number = {5},
	urldate = {2024-04-25},
	journal = {Journal of Geophysical Research: Atmospheres},
	author = {Mills, Michael J. and Schmidt, Anja and Easter, Richard and Solomon, Susan and Kinnison, Douglas E. and Ghan, Steven J. and Neely, Ryan R. and Marsh, Daniel R. and Conley, Andrew and Bardeen, Charles G. and Gettelman, Andrew},
	month = mar,
	year = {2016},
	pages = {2332--2348},
}


@article{rinaldi_is_2013,
	title = {Is chlorophyll‐ \textit{a} the best surrogate for organic matter enrichment in submicron primary marine aerosol?},
	volume = {118},
	copyright = {http://onlinelibrary.wiley.com/termsAndConditions\#vor},
	issn = {2169-897X, 2169-8996},
	url = {https://agupubs.onlinelibrary.wiley.com/doi/10.1002/jgrd.50417},
	doi = {10.1002/jgrd.50417},
	language = {en},
	number = {10},
	urldate = {2024-04-25},
	journal = {Journal of Geophysical Research: Atmospheres},
	author = {Rinaldi, Matteo and Fuzzi, Sandro and Decesari, Stefano and Marullo, Salvatore and Santoleri, Rosalia and Provenzale, Antonello and Von Hardenberg, Jost and Ceburnis, Darius and Vaishya, Aditya and O'Dowd, Colin D. and Facchini, Maria Cristina},
	month = may,
	year = {2013},
	pages = {4964--4973},
}

@article{gantt_wind_2011,
	title = {Wind speed dependent size-resolved parameterization for the organic mass fraction of sea spray aerosol},
	volume = {11},
	issn = {1680-7316},
	url = {https://acp.copernicus.org/articles/11/8777/2011/acp-11-8777-2011.html},
	doi = {10.5194/acp-11-8777-2011},
	language = {English},
	number = {16},
	urldate = {2024-04-25},
	journal = {Atmospheric Chemistry and Physics},
	author = {Gantt, B. and Meskhidze, N. and Facchini, M. C. and Rinaldi, M. and Ceburnis, D. and O'Dowd, C. D.},
	month = aug,
	year = {2011},
	pages = {8777--8790},
}

@article{quinn_contribution_2014,
	title = {Contribution of sea surface carbon pool to organic matter enrichment in sea spray aerosol},
	volume = {7},
	copyright = {2014 Springer Nature Limited},
	issn = {1752-0908},
	url = {https://www.nature.com/articles/ngeo2092},
	doi = {10.1038/ngeo2092},
	language = {en},
	number = {3},
	urldate = {2024-04-25},
	journal = {Nature Geoscience},
	author = {Quinn, Patricia K. and Bates, Timothy S. and Schulz, Kristen S. and Coffman, D. J. and Frossard, A. A. and Russell, L. M. and Keene, W. C. and Kieber, D. J.},
	month = mar,
	year = {2014},
	keywords = {Atmospheric chemistry, Marine biology, Marine chemistry},
	pages = {228--232},
}

@article{neale_description_2012,
	title = {Description of the {NCAR} {Community} {Atmosphere} {Model} ({CAM} 5.0)},
	url = {https://opensky.ucar.edu/islandora/object/technotes%3A594/},
	doi = {10.5065/wgtk-4g06},
	language = {en},
	urldate = {2024-04-25},
	author = {Neale, Richard B. and Gettelman, Andrew and Park, Sungsu and Chen, Chih-Chieh and Lauritzen, Peter H. and Williamson, David L. and Conley, Andrew J. and Kinnison, Doug and Marsh, Dan and Smith, Anne K. and Vitt, Francis M. and Garcia, Rolando and Lamarque, Jean-Francois and Mills, Michael J. and Tilmes, Simone and Morrison, Hugh and Cameron-Smith, Philip and Collins, William D. and Iacono, Michael J. and Easter, Richard C. and Liu, Xiaohong and Ghan, Steven J. and Rasch, Philip J. and Taylor, Mark A.},
	journal = {UNKNOWN},
	year = {2012},
}
