
@techreport{tiedtke_ecmwf_1979,
	address = {Shinfield Park, Reading},
	type = {Technical {Report}},
	title = {{ECMWF} model parameterisation of sub-grid scale processes},
	language = {en},
	institution = {ECMWF},
	author = {Tiedtke, M. and Geleyn, J.-F. and Hollingsworth, A. and Louis, J.-F.},
	month = jan,
	year = {1979},
	note = {10},
	pages = {146},
}

@article{raisanen2004stochastic,
  title={Stochastic generation of subgrid-scale cloudy columns for large-scale models},
  author={R{\"a}is{\"a}nen, Petri and Barker, Howard W and Khairoutdinov, Marat F and Li, Jiangnan and Randall, David A},
  journal={Quarterly Journal of the Royal Meteorological Society: A journal of the atmospheric sciences, applied meteorology and physical oceanography},
  volume={130},
  number={601},
  pages={2047--2067},
  year={2004},
  publisher={Wiley Online Library}
}
